2880 5092
724 215 799 288 600

178 391 423 486 Ἀριστοφάνης
444 395 501 464 καὶ
523 387 620 473 ἰπνὸς
641 395 698 462 καὶ
716 388 827 464 άλλοι.
870 391 1033 483 Φρύνιχος
1049 399 1088 466 δὲ
1106 397 1140 467 ἐν
1156 375 1350 487 σοφιστικῇ

185 518 382 606 παρασκευῇ
403 514 461 581 καὶ
482 513 540 582 ἐπί
561 519 627 581 τῶν
648 520 756 585 κακῶν
779 540 863 607 φησι
883 515 923 583 τὸ
944 519 1107 598 ταμιεῖον.
1151 514 1285 606 ε’ίρηται
1309 503 1351 586 δά

185 633 280 725 παρά
301 634 361 702 τόν
380 631 514 718 ταμίαν.
559 628 577 702 ὃ
601 633 639 701 δὲ
661 638 722 702 τοῦ
741 632 897 720 ταμιείου
918 632 1233 726 ολκητιυρταμιεύς.

275 750 428 837 Τάμνα,
455 748 557 833 πόλις
580 748 756 843 Ἀραβική,
786 749 831 835 ὡς
854 749 1074 843 Ἀλέξανδρος
1096 751 1116 823 ὁ
1138 752 1350 844 πολυίστωρ.

159 866 205 940 τό
227 870 368 962 πολίτης
394 869 570 959 Ταμνίτης.

276 987 454 1076 Τάμυνα,
479 989 580 1072 πόλις
598 989 775 1083 Ἐρετρίας.
819 989 979 1082 Στράβων
1001 990 1134 1084 δεκάτη.
1178 992 1237 1059 καί
1259 995 1350 1080 πλη-
1394 1013 1399 1022 ·

185 1113 353 1192 θυντικῶς
384 1109 458 1205 ι(εἷς
489 1113 550 1193 τάς
582 1108 776 1196 Ταμύνας”.
820 1112 859 1180 τό
892 1111 1031 1180 ἕθνικόν
1065 1109 1253 1196 Ταμυνεύς,
1291 1113 1352 1180 καί

185 1230 335 1319 θηλυκόν
360 1230 528 1320 Ταμυκηίς
555 1230 592 1311 ἐξ
617 1226 744 1299 αὐτοῦ.
775 1231 907 1320 λέγεται
928 1231 989 1298 καί,
1010 1235 1212 1314 Ταμυναῖος.
1257 1211 1374 1314 οὕτω,Ι

186 1347 249 1437 γάρ
272 1344 291 1417 ὁ
314 1348 401 1429 Ζεύς
421 1349 456 1418 ἐν
479 1345 564 1440 αὐτῇ
584 1354 734 1434 τιμᾶται.
773 1347 972 1430 Παυσανίας
995 1345 1283 1440 ι”περιηγήσεως
1329 1371 1330 1374 ’

148 1486 175 1526 ¹⁰
277 1465 505 1558 Ταμυράκη,
534 1464 636 1549 πόλις
657 1465 850 1553 Σαρματίας
877 1473 937 1558 τῆς
959 1468 993 1536 ἐν
1014 1463 1173 1557 Εὐρώπῃ.
1216 1466 1257 1536 τό
1282 1465 1349 1536 ἔθ-

187 1585 279 1654 νικόν
304 1585 575 1676 Ταμυρακηνός.

276 1702 481 1795 Τάναγρα,
509 1702 611 1787 πόλις
633 1671 816 1788 Βοιωτίας,
846 1699 1223 1796 ἢνὍμηροςΤραῖαν
1250 1709 1353 1776 καλεῖ

187 1823 248 1893 διά
274 1824 314 1893 τὸ
342 1823 486 1916 πλησίον
507 1819 605 1895 εἶναι.
650 1823 800 1894 ἐκαλεῖτο
823 1827 862 1894 δὲ
879 1822 1048 1915 πρότερον
1069 1825 1350 1914 Ποιμανδρία.

188 1940 382 2035 Λυκόφρων
411 1936 475 2037 αἣν
498 1945 532 2026 ἐς
552 1951 699 2031 βαθεῖαν
722 1943 882 2029 λαιμίσας
901 1931 1176 2032 Ποιμανδρίαν”.
1220 1943 1281 2034 τὴν
1309 1946 1352 2015 δὲ
1415 1999 1417 2006 ,

189 2209 217 2262 1.
234 2200 286 2260 καί
306 2199 405 2276 ἰπνὸς]
426 2201 477 2260 καί
496 2196 616 2282 Ἴστρος
636 2207 672 2262 Η.
694 2223 731 2261 an
749 2199 922 2279 Kourivog?
1038 2208 1066 2260 2.
1083 2201 1353 2283 προπαρασκευῇί

189 2291 239 2355 tut
259 2295 322 2353 τῶν
337 2295 455 2369 κακῶν]
475 2296 652 2372 Phrynichus
671 2297 846 2376 respiciebat
864 2296 943 2352 locos
960 2297 1053 2372 qualis
1073 2307 1117 2354 est
1133 2297 1351 2356 Anaxaudridis

190 2388 228 2446 fr.
243 2389 281 2447 54
300 2388 373 2465 (sive
386 2389 496 2466 Diphili
511 2390 547 2446 sr.
560 2389 645 2463 115):
667 2382 761 2464 κόρης
781 2380 1045 2463 ἀπαλλαττόμεθα
1065 2385 1205 2462 ταμιείου
1225 2391 1351 2467 πικροῦ.

190 2482 268 2542 adde
285 2483 479 2541 Democritum
496 2483 574 2561 apud
591 2482 738 2541 Plutarch.
749 2483 822 2538 Mor.
835 2501 864 2557 p.
876 2484 933 2539 500
944 2498 973 2538 e:
994 2478 1131 2539 ποικίλον
1145 2501 1173 2539 τι
1189 2479 1241 2540 καὶ
1257 2483 1351 2542 πολυ-

188 2589 290 2660 παθὲς
300 2592 405 2650 κακῶν
415 2597 554 2666 ταμιεῖον
564 2589 615 2650 καί
627 2587 842 2669 θησαύρισμα.
861 2649 863 2654 ,
920 2595 948 2649 3.
960 2565 1087 2666 ταμείου
1099 2593 1135 2660 R,
1154 2589 1271 2666 ταμίου
1286 2596 1351 2652 AV.

188 2688 217 2742 6.
233 2678 360 2764 δεκάτη]
381 2705 411 2764 p.
423 2685 490 2744 447.
568 2691 597 2744 7.
610 2683 651 2752 τίς
671 2680 728 2753 τάς
752 2677 900 2759 Ταμύνας
921 2680 1098 2760 (Ταμύναις
1113 2686 1153 2763 R)
1174 2687 1353 2750 Demosthe-

188 2778 234 2835 nis
256 2781 341 2836 verba
363 2789 428 2836 suut
448 2797 472 2836 ο.
494 2779 578 2836 Boet.
600 2799 628 2856 p.
650 2783 717 2846 000,
736 2783 766 2837 8.
855 2782 883 2836 8.
904 2771 1043 2852 θηλυκόν
1063 2779 1098 2846 R,
1118 2778 1268 2855 θηλυκῶς
1287 2781 1353 2841 AV.

189 2874 217 2930 0.
239 2861 257 2927 ί
278 2871 313 2938 R,
334 2863 375 2926 ια’
395 2871 478 2949 PpV‚
504 2864 656 2952 ἑνδεκάτῳ
677 2875 709 2939 Α,
735 2867 767 2928 ἓν
792 2864 909 2950 δεκάτῳ
924 2871 967 2938 X,
992 2865 1090 2950 ἐνάτῳ
1116 2872 1298 2932 Schubartus
1322 2885 1354 2933 et

189 2962 319 3020 Walzius
338 2963 437 3022 Praei.
458 2965 496 3022 ad
516 2965 649 3022 Pausan.
663 2965 718 3032 vol.
740 2969 754 3022 1
777 2985 807 3042 p.
828 2966 879 3031 45,
906 2961 979 3020 loris
1001 2965 1028 3018 T
1031 2966 1162 3038 amynaei
1182 2968 1353 3024 memoriam

189 3073 208 3112 a
226 3055 372 3113 Pausania
392 3061 420 3123 0,·
437 3060 484 3124 10,
505 3061 577 3118 Suo
598 3055 662 3115 loco
682 3057 856 3114 celebratam
877 3075 942 3115 esse
963 3059 1153 3137 suspicantes,
1173 3061 1221 3116 ubi
1236 3060 1292 3118 ‘ilie
1314 3061 1353 3121 de

189 3157 278 3226 ponte
291 3149 439 3207 Euboeam
454 3169 517 3206 cum
532 3150 655 3206 Boeotia
668 3150 804 3224 iungeute
821 3149 939 3211 dixerit:
961 3169 996 3210 eo
1017 3152 1103 3226 igitur
1122 3151 1187 3208 loco
1208 3161 1238 3209 et
1252 3156 1353 3231 pontis

189 3251 219 3300 et
230 3243 392 3319 Tnmynaei
408 3243 482 3299 iovis
502 3243 667 3300 memoriam
688 3242 883 3314 intercidisse;
904 3245 1078 3314 coniectura,
1099 3255 1130 3300 ut
1149 3243 1218 3302 mihi
1232 3247 1353 3321 quidem

191 3335 317 3404 videtur,
343 3355 445 3414 parurn
471 3335 623 3414 probabili.
649 3336 704 3392 etsi
729 3336 805 3392 enim
836 3335 872 3392 de
902 3345 991 3413 poure
1020 3336 1149 3394 Euboico
1175 3337 1353 3398 Pausaniam

190 3427 363 3489 disseruisse
390 3428 582 3487 concedamus
609 3432 797 3504 (quamquam
823 3447 924 3485 vereor
949 3448 984 3487 ne
1005 3429 1032 3484 in
1055 3429 1185 3487 codicum
1206 3434 1354 3509 scripturn

188 3513 349 3600 ἢγίφυρα
370 3522 410 3579 nil
430 3522 509 3578 aliud
530 3521 619 3578 lateat
638 3539 724 3597 quarn
745 3515 775 3578 ui
794 3517 965 3598 Γεφυραῖοι
991 3523 1037 3581 cli.
1059 3523 1155 3581 Strab.
1177 3531 1195 3581 0
1215 3543 1246 3601 p.
1268 3523 1353 3602 404),

190 3613 342 3687 Tnmyuae
367 3623 464 3671 tamen
491 3614 604 3689 lougius
625 3616 661 3670 ab
682 3633 717 3670 eo
739 3613 884 3671 distabant
905 3615 1029 3687 (Herod.
1050 3620 1083 3683 6,
1104 3615 1184 3690 101),
1209 3634 1297 3691 quam
1323 3629 1355 3677 ut

189 3703 292 3763 eodem
323 3703 388 3763 loco
414 3707 601 3780 Tamynaeus
626 3708 756 3785 iuppiter
780 3708 808 3763 iu
835 3717 999 3764 transcursu
1030 3709 1182 3766 memorari
1212 3714 1353 3787 potuerit.

189 3798 302 3876 accipio
322 3807 418 3858 tamen
438 3795 510 3854 illud
530 3792 628 3880 ἐνάτῳ
645 3799 828 3878 (praesertim
846 3819 908 3857 cum
923 3792 942 3858 ι’
959 3802 1081 3860 eundem
1102 3821 1252 3868 numerum
1273 3804 1354 3862 indi·

190 3909 256 3950 care
275 3891 393 3970 possit),
413 3892 466 3950 sed
487 3893 526 3950 ita
547 3903 577 3949 ut
596 3894 759 3951 Pausaniae
784 3893 946 3952 citationem
974 3915 1026 3950 suo
1051 3893 1116 3952 loco
1142 3905 1250 3952 motam
1275 3917 1354 3968 esse,

189 4003 284 4062 neque
309 3985 348 4042 ad
368 3987 516 4060 Tamynas
544 3985 595 4044 sed
622 3986 660 4043 ad
681 3985 830 4043 articulum
853 3985 890 4044 de
910 3987 1049 4063 Tanagra
1068 3998 1202 4064 spectare
1223 3990 1357 4060 credam,

189 4077 227 4137 de
248 4095 305 4155 qua
323 4078 482 4136 Pausanias
503 4080 562 4154 agit
581 4084 615 4146 0,
635 4083 674 4136 20
693 4091 722 4138 et
741 4083 789 4136 22.
811 4079 910 4136 talium
936 4079 1134 4138 traiectionum
1161 4083 1298 4161 exempla
1324 4087 1357 4142 in

73 4237 77 4248 ι
124 4229 128 4236 ,
189 4170 269 4250 libris
288 4171 437 4250 Stephani·
452 4171 572 4230 vidimus
593 4173 746 4252 permulta.
844 4165 1053 4249 περιηγήσεων
1071 4174 1108 4231 R.
1217 4180 1266 4233 11.
1291 4175 1356 4234 Τα-

95 4281 141 4316 ·‘
188 4258 356 4356 πορακίνάς
371 4282 411 4342 R.
523 4287 569 4338 12.
585 4273 736 4360 Ὅμηρος]
757 4282 789 4341 ΙΙ.
810 4287 838 4352 2,
858 4283 926 4344 498.
1025 4287 1070 4342 1³.
1092 4277 1297 4364 Ποιμάντριοι
1319 4287 1357 4346 R.

188 4372 236 4432 14.
253 4365 452 4451 Λυκόφρων]
475 4385 515 4430 τι.
532 4376 600 4431 326.
678 4371 825 4450 λαιμίσας
844 4375 879 4446 V,
899 4371 1068 4450 λαιμίσσας
1086 4377 1119 4444 Α,
1139 4372 1270 4450 λεμίοας
1288 4377 1328 4437 R.
