2888 5084
618 251 687 338 121

158 439 424 534 [Ἀρκεσίνη]
457 440 519 528 μία
546 447 612 512 τῶν
638 449 739 535 τριῶν
766 441 901 514 πόλεων
926 449 993 514 τῶν
1023 439 1057 515 ἔν
1084 443 1235 537 Ἀμοργῷ

67 568 112 654 τῇ
136 561 239 653 νήσῳ.
271 555 356 653 ἦσαν
378 562 440 652 γὰρ
459 561 618 632 Molaria
640 562 767 633 Μίνωα
785 561 966 655 Ἀρκεσίνη.
999 561 1174 652 Πολύβιος
1195 565 1233 636 δὲ

68 679 255 774 ἇρσενιιιιῖίς
275 681 335 752 τὸν
351 675 541 772 Ἀρκεσίνην
562 682 655 772 φησί.
692 685 731 753 τὸ
753 684 891 754 ἐθνικὸν
907 679 1125 772 Ἀρκεσινεός.
1157 681 1233 752 Ἀν-

68 801 216 891 δροτίιυν
243 800 319 892 ἕκτῃ
347 797 509 880 Ἀτθίδος
538 796 750 894 Ἀμορμίοις
777 801 970 884 Μινωίταις
999 803 1056 870 καὶ
1074 800 1233 895 Ἀρκεσι-

68 917 224 991 νεῦσιν”.
1072 961 1074 964 ·
1245 941 1258 981 ⁵

147 1034 286 1128 Ἄρκη,
315 1031 418 1120 πόλις
443 1037 610 1127 Φοινίκης,
631 1036 652 1131 ἡ
676 1035 866 1132 οὖν’Άρκαι
887 1042 1084 1131 καλουμένη.
1119 1037 1233 1132 Ἰώση-

69 1183 138 1240 πος
170 1155 207 1227 ἐν
238 1159 383 1248 πέμπτῳ
415 1162 475 1248 τῆς
502 1155 688 1249 Ἰουδαϊκῆς
723 1154 972 1250 ἀρχαιολογίας.
1022 1161 1062 1230 τὸ
1096 1160 1234 1230 ἐθνικὸν

64 1273 233 1366 Ἀρεταῖος.
1159 1305 1173 1314 ”

150 1393 436 1489 Ἅρκιρόεσσα,
469 1395 572 1479 πόλις
599 1394 634 1466 ἒν
660 1395 798 1488 Πόντῳ,
823 1394 1027 1491 Ἡρακλείας
1053 1393 1232 1491 ὸποτελής.

72 1513 239 1599 Δομίτιος
254 1516 507 1607 Καλλίστρατος
522 1518 557 1588 ἐν
577 1515 717 1609 τετάρτῃ
739 1519 818 1608 περὶ
834 1513 1048 1606 Ἡρακλείας.
1077 1519 1116 1587 τὸ
1134 1519 1273 1590 tuve-10

72 1634 130 1703 τὸν
151 1631 424 1728 Ἅρκιρσεσσαῖος
445 1633 491 1720 ὦς
512 1643 771 1718 Πιτυουσσαῖος.
1295 1731 1298 1736 Ι

150 1749 415 1846 Ἅρκόνησσς,
444 1761 545 1848 νῆσος
570 1755 715 1848 Καρίας.
754 1752 986 1835 Ἀπολλώνιος
1006 1748 1134 1844 ἑβδόμη
1157 1762 1232 1824 Κα-

74 1877 185 1960 ρικῶν.
221 1876 263 1946 τὸ
286 1875 424 1947 λθνικὸν
439 1873 667 1968 Ἀρκονησιος.

73 2073 276 2089 ἡ

74 2205 100 2258 1.
112 2192 275 2280 Ἀρκεσίνη
295 2203 408 2262 addidit
427 2215 456 2264 et
476 2207 640 2282 sequeutia,
666 2219 741 2281 quae
764 2204 829 2264 libri
854 2205 917 2264 sine
942 2202 1125 2262 distinctione
1144 2222 1232 2282 prae-

74 2291 244 2351 cedentibus
265 2297 448 2374 coniungunt,
469 2298 569 2356 abhis
590 2299 735 2378 separavit
754 2299 791 2356 X.
868 2303 897 2357 2.
910 2281 1071 2370 Mellaria]
1086 2296 1123 2355 V.
1144 2316 1233 2375 snpra

73 2379 305 2464 ε.τ.Ἀμσργός.
372 2383 602 2469 ιλἈμοργίωνλ
671 2392 699 2448 4.
709 2395 737 2449 5.
750 2381 983 2469 Ἅρκινεῦσινλί.
1048 2393 1078 2449 7.
1088 2383 1231 2470 πέμπτῳ]

74 2483 101 2546 1,
117 2484 166 2537 22.
187 2475 355 2560 σΙνίἍρκή.
433 2489 482 2542 10.
502 2481 535 2543 ἰν
554 2479 581 2551 ζ
601 2483 637 2542 V.
716 2487 764 2542 12.
780 2476 981 2561 Ἀρκόννησος
999 2483 1054 2561 l’p,
1075 2482 1154 2559 qood
1173 2501 1233 2540 oon

74 2574 179 2631 rectius
204 2576 344 2652 scripturn
370 2576 482 2636 videtur
505 2597 591 2654 quarn
615 2596 642 2637 e.
668 2597 694 2635 o.
719 2569 938 2654 Χερσόννησος
971 2576 1052 2655 apud
1076 2575 1174 2634 Strab.
1195 2575 1234 2634 14

75 2685 104 2743 p.
125 2669 184 2724 656
205 2667 347 2744 aliosque.
384 2679 462 2729 reete
483 2680 583 2728 contra
602 2671 690 2728 habet
707 2659 944 2743 Πελοπόννησος
963 2658 1185 2745 Προκόννησος
1205 2677 1235 2726 et
1283 2721 1285 2728 .

74 2761 98 2816 si
124 2778 203 2836 quae
227 2760 284 2817 alia
314 2780 378 2817 cum
409 2764 571 2821 nominibus
602 2762 704 2820 tertiae
734 2758 936 2816 declinationis
966 2760 1126 2836 composita
1156 2769 1232 2819 sunt.

74 2852 194 2928 regulae
223 2852 371 2912 veritatem
402 2865 519 2933 practer
547 2854 605 2913 alia
631 2852 827 2911 demonstrant
856 2851 971 2908 nomina
995 2841 1233 2929 Πελοπόννησος

75 2954 103 3002 et
121 2937 339 3024 Χερσόνησος,
365 2965 485 3022 quorum
506 2965 571 3004 cum
590 2946 730 3024 frequens
750 2945 788 3002 sit
807 2942 887 3022 apud
905 2953 1007 3022 poetas
1027 2963 1111 3016 usus,
1135 2945 1233 3004 nullus

74 3047 171 3095 nmen
190 3035 288 3096 adhuc
306 3036 387 3095 locus
407 3040 520 3098 oblatus
540 3048 594 3110 est,
613 3040 642 3097 in
663 3057 721 3116 quo
740 3037 786 3096 vel
798 3028 1016 3115 Χερσόννησος
1035 3039 1080 3098 vel
1093 3031 1232 3097 Πελοπό-

74 3146 168 3203 νησσς
195 3130 283 3186 scribi
306 3141 427 3188 metrum
451 3133 588 3212 postulet.
619 3151 677 3190 non
703 3137 914 3209 perspexerunt
937 3130 980 3186 rei
1008 3132 1148 3188 rationem
1177 3150 1232 3190 nec

72 3219 295 3280 BoeeldriusC.
317 3223 339 3282 l.
358 3225 415 3284 vol.
436 3231 504 3305 sp.
519 3230 566 3285 18.
586 3243 681 3302 neque
701 3225 807 3283 Strabo
827 3226 915 3300 top.
929 3225 996 3281 618.
1016 3218 1232 3280 καλοῦνταιὸ

68 3305 289 3390 Ἕκατόννησσι
318 3311 491 3388 συνθέτως,
524 3312 566 3387 ὡς
592 3310 844 3425 Πελοπόννησος,
875 3307 956 3372 κατὰ
980 3307 1056 3383 ε’θος
1078 3332 1108 3372 τι
1132 3313 1191 3371 τοῦ
1216 3337 1233 3372 ν

71 3399 258 3486 γράμματος
286 3405 504 3484 πλεονάζοντος
535 3407 568 3470 ἐν
596 3415 662 3478 τοῖς
692 3400 857 3516 τοιρίτοις,
888 3399 931 3476 ὡς
961 3400 1152 3484 Μυόννησος
1181 3403 1233 3466 καλ

71 3491 295 3578 Προκόννησος
313 3497 430 3581 λέγεται
449 3501 500 3562 καὶ
520 3496 715 3579 Ἆλόννησσς,
741 3491 820 3560 ὥστε
835 3491 1057 3578 Ἓκατόννησοί
1073 3497 1150 3558 εἰσιν
1168 3491 1234 3560 οἷον

64 3585 306 3670 Ἅπαλλοίνησοι.
352 3585 484 3666 Ἕκατος
516 3593 577 3675 γὰρ
611 3589 627 3656 ὸ
656 3585 824 3654 Ἀπόλλων.
869 3595 919 3671 qui
954 3613 1031 3670 quae
1067 3592 1233 3672 duplicatae

72 3687 175 3747 literae
195 3687 330 3766 exempla
349 3688 435 3748 affert
457 3688 546 3767 plone
571 3688 739 3747 confirmant
764 3687 843 3764 quod
868 3687 927 3745 dixi
952 3686 1114 3746 deirorum
1138 3689 1232 3747 nomi·

72 3801 140 3839 nom
171 3781 399 3859 compositione3
430 3782 505 3839 mole
537 3789 632 3840 nutem
662 3781 773 3839 iudicat
802 3779 839 3838 de
859 3773 1077 3856 Ἓκατόννησσι
1107 3783 1233 3852 nomine,

72 3873 152 3950 qnod
179 3891 266 3943 sane,
290 3873 418 3933 sirecte
442 3873 480 3932 de
506 3891 542 3931 eo
567 3876 715 3932 statuisset
734 3873 933 3952 geographus,
954 3870 1011 3948 legi
1031 3873 1072 3930 illi
1093 3875 1232 3934 adversa-

72 3977 161 4025 retur.
200 3975 231 4022 at
255 3985 314 4024 non
339 3967 456 4024 dubium
481 3975 526 4024 est
550 3967 617 4043 quio
641 3965 716 4024 iilud
739 3967 844 4025 rectius
864 3958 996 4024 Ἑκατὸν
1014 3965 1102 4043 νῆσοι
1122 3969 1231 4026 scriba·

72 4071 126 4126 tor,
147 4069 180 4116 ot
199 4068 246 4116 est
265 4059 345 4137 apud
358 4058 467 4118 Herod.
482 4065 510 4129 1,
524 4063 591 4119 151.
610 4055 643 4117 ἐν
661 4059 733 4137 τῇσι
748 4054 879 4118 Ἑκατὸν
898 4050 1028 4135 νήσοισι,
1049 4069 1079 4117 et
1098 4059 1233 4118 disertius

72 4153 159 4210 etium
181 4151 263 4230 opud
281 4151 370 4209 Diod.
389 4151 450 4211 Sic.
466 4155 512 4225 13,
524 4154 572 4210 77.
592 4144 729 4228 ηὐλίσθη
749 4144 827 4228 πρός
845 4171 903 4211 τινι
922 4144 1007 4232 νήσῳ
1026 4151 1089 4209 τῶν
1103 4146 1234 4212 Ἑκατὸν

71 4241 282 4320 καλουμένων.
319 4261 405 4321 qoem
429 4243 535 4303 Strabo
566 4245 650 4304 lrrrius
679 4246 802 4302 nominis
829 4246 1030 4323 etymologiam
1055 4255 1233 4305 commentus

71 4349 125 4408 est,
145 4357 185 4398 ee
204 4338 282 4396 lieno
301 4339 441 4396 rationem
461 4337 562 4406 habet,
586 4338 663 4414 quod
684 4339 795 4398 insulae
815 4339 882 4398 illae
902 4359 935 4398 re
955 4357 1022 4398 vera
1041 4356 1099 4396 non
1120 4350 1233 4396 centurn

72 4431 156 4492 suere
172 4451 303 4502 numero,
325 4432 377 4490 sed
392 4432 489 4509 viginti
504 4441 614 4490 tantum
634 4433 702 4502 sive,
723 4442 755 4490 ut
767 4434 795 4490 T
796 4431 949 4492 imostlreni
968 4431 1087 4510 placuit,
1108 4429 1234 4507 quadra·
