2888 5084
618 225 690 298 175

158 401 466 492 Βολογεσσιάς,
497 401 599 486 πόλις
620 407 706 496 πρὸς
726 412 773 496 τῷ
794 385 973 498 Εὐφράτῃ,
1003 407 1038 477 ἐκ
1060 411 1233 498 Βολομεο-

70 525 136 592 σοῦ
153 522 341 611 βασιλέως
370 518 547 612 ᾠκισμένη.
587 525 627 594 τδ
661 525 797 596 ίδνικδν
829 519 957 615 όίφτιλε
987 527 1234 614 Βολομτσσιεός

70 637 118 722 ὡς
144 637 398 731 Ἀφροδισιεός,
429 637 500 709 ἀλλ’
530 638 697 726 ἀνοίκειος
723 640 871 725 ότόπος
890 648 934 735 τῇ
952 639 1055 737 χάρη.
1100 648 1232 718 λεκτέον

69 754 132 830 οὖν
153 755 436 848 Βολομεσσιηνός.
1108 749 1114 760 ’
1278 829 1287 844 ,

158 875 499 969 Βολομεσίφορα,
539 876 642 962 πόλις
676 878 839 972 Περσική.
887 883 926 952 τδ
961 884 1099 954 ίθνικδν
1134 880 1256 973 τόπῳε

71 1002 217 1086 Περσῶν
238 994 565 1089 Βολογεσιφορηνός.
611 999 743 1069 λεκτέον
765 1001 803 1070 δὲ
824 999 1131 1094 Βολοηεσιφορεός.

157 1113 392 1203 Βόλονρος,
421 1114 526 1198 πόλις
551 1122 617 1187 τῶν
644 1119 680 1187 ἐν
703 1114 847 1210 Ἰλλυρίφ
873 1117 1061 1210 Τράλλεων.
1108 1127 1233 1216 ιεμοῖρα

72 1237 136 1324 γάρ
165 1239 233 1302 τῶν
260 1231 428 1325 Ἰλλυριῶν
456 1240 566 1326 Βῆμις
598 1238 655 1306 καί
684 1233 897 1326 Βόλουρος”.
941 1236 1014 1308 ἔστι
1042 1240 1100 1310 καί
1129 1237 1233 1321 πόλις
1293 1295 1295 1300 -

74 1352 307 1442 Θεσπρωτίας.

159 1473 271 1554 Βοός
298 1473 509 1563 Κεφαλαί,
538 1471 646 1557 τόπος
674 1473 753 1543 καθ’
782 1469 821 1544 ὃν
848 1476 1037 1566 ἐπολέμησε
1058 1476 1270 1568 Προυσίαςιο

73 1594 158 1682 πρός
176 1586 350 1674 Ἄτταλον,
374 1587 419 1675 ὡς
437 1588 680 1684 Ἐρατοσθένης
701 1594 736 1663 ἐν
757 1589 885 1684 ἑβδόμῃ
909 1597 1114 1664 Γαλατικῶν.
1158 1595 1230 1666 ἔστι

73 1714 130 1784 καί
153 1710 293 1799 Ἰνδικῆς
313 1709 578 1802 Βουκεφάλα,
606 1705 647 1802 ἣν
668 1709 796 1782 ἔκτισεν
818 1711 1038 1802 Ἀλέξανδρος
1066 1713 1142 1807 αἐπ’
1168 1712 1232 1801 άμ-

73 1831 237 1925 φοτέραις
264 1825 337 1910 ταίς
364 1822 487 1914 όχθαις
513 1834 574 1899 τοῦ
596 1827 772 1900 Ὑδάσπου
800 1835 958 1917 ποταμοῦ
979 1809 1099 1915 πόλεις
1121 1829 1231 1924 ᾤκισε,

73 1950 221 2022 Νίκαιαν
236 1945 465 2037 Βουκεφάλαν
484 1951 523 2020 δὲ
545 1946 633 2018 ἔνθα
655 1947 836 2036 διαβάντος
856 1951 913 2019 καί
933 1951 1124 2037 μαχομένου
1145 1950 1231 2026 ἀπέ-

72 2079 179 2141 θανεν
209 2063 313 2136 αὐτοῦ
342 2063 361 2136 ὁ
389 2066 499 2148 ἵππος
528 2065 754 2159 Βουκεφάλας
786 2067 1153 2159 προσαγορευόμενος’.
1197 2071 1231 2143 ολ
1244 2105 1268 2146 ιε

72 2190 304 2266 κατοικοῦντες
324 2190 574 2278 Βουκεφαλεῖς,
604 2188 723 2278 ἐπειδὴ
755 2184 773 2256 ὁ
798 2187 943 2279 δημότης
965 2187 1146 2282 Κιφαλεός
1171 2197 1233 2262 τοῦ

72 2303 231 2399 Κεφαλή.

71 2625 98 2678 1.
120 2609 332 2693 Βολοηεσσιάς
350 2618 386 2686 R,
404 2610 593 2693 Βολογεσιάς
612 2617 674 2675 AV.
701 2615 740 2672 ts.
761 2615 888 2674 Lobeck.
908 2616 991 2675 Path.
1013 2639 1042 2698 p.
1062 2619 1129 2678 430.
1151 2621 1231 2678 cuius

71 2709 215 2789 exemplis
235 2709 311 2768 adde
331 2709 516 2767 lamblichum
535 2709 631 2767 Photii
644 2709 720 2766 Bibl.
735 2728 764 2786 p.
775 2710 823 2776 75,
835 2711 873 2766 36
893 2727 957 2785 sqq.
980 2712 1027 2768 ubi
1041 2705 1232 2789 Βολόγαισος

71 2807 177 2866 editur.
263 2799 602 2880 1.2.Βο1οηεσσοῦ1ι
622 2800 799 2878 Βολοηεσοῦ
818 2801 878 2859 AV.
962 2808 990 2861 2.
1011 2800 1232 2882 Βολοηεσσιεός

70 2901 136 2967 RV,
158 2887 359 2972 Βολοηεσιεός
377 2895 413 2953 A.
511 2901 538 2956 3.
560 2889 602 2966 ὡς
615 2886 831 2976 Ἀφροδισιεός
851 2913 907 2953 om.
928 2898 964 2956 R.
985 2889 1154 2977 άφροδιεός
1173 2901 1224 2960 V.⁴

71 2986 231 3058 άνοικείιυς
249 2990 286 3047 V.
364 2981 458 3058 τόπος
476 2991 540 3048 RV.
622 2992 650 3049 4.
672 2973 727 3046 οὖν
747 2985 911 3066 adddIR.
988 2987 1231 3070 Βολοηεσσιηνός

71 3087 109 3153 R,
130 3074 352 3160 Βολοηεσιηνός
372 3083 409 3153 V,
429 3075 647 3159 Βολεηεσιηνός
666 3085 700 3139 A.
805 3083 832 3139 5.
855 3079 1103 3162 Βολογεσίφορα]
1123 3087 1155 3142 ln
1175 3089 1231 3143 Ιιοε

72 3197 190 3256 quoque
210 3175 325 3234 nomine
346 3187 376 3234 et
396 3176 531 3234 derivatis
552 3177 643 3252 sigma
657 3173 864 3252 duplicandum
883 3174 1003 3234 videtur.
1082 3179 1110 3234 7.
1128 3171 1230 3254 Τροίλ·

70 3271 151 3330 λειυν
163 3270 226 3330 RV.
305 3271 334 3327 7.
345 3273 374 3327 8.
384 3262 698 3348 μοῖρα-Βόλουρος
718 3285 775 3324 non
789 3266 930 3345 Stephani
952 3267 1003 3325 sed
1019 3268 1120 3326 inceni
1136 3270 1229 3346 scrip·

69 3367 143 3423 toria
164 3365 250 3422 verba
270 3371 345 3420 sunt.
437 3368 466 3422 9.
489 3357 705 3436 Θεσπρωτίας]
727 3361 808 3417 Haec
826 3378 884 3416 non
905 3359 1019 3418 diversa
1039 3370 1083 3418 est
1105 3365 1141 3419 ab
1163 3361 1229 3438 1115-

69 3459 142 3515 ricA.
227 3459 275 3514 11.
296 3451 329 3512 ἓν
348 3455 417 3513 add.
437 3453 541 3513 HRV.
629 3457 674 3512 12.
695 3443 884 3529 Βουκεφάλα
904 3453 938 3520 R,
963 3447 1148 3532 Βουκέφαλα
1168 3441 1229 3512 A'v.

70 3554 119 3608 13.
140 3541 242 3616 πόλεις
260 3547 344 3626 PpV,
364 3540 451 3615 πόλις
470 3548 506 3615 R,
526 3539 615 3604 πόλιν
633 3543 678 3614 Π,
699 3542 788 3601 πολ..
808 3545 842 3599 Α.
926 3544 973 3602 14.
994 3543 1131 3605 Νίκαιαν
1151 3545 1228 3622 [μία

69 3635 151 3698 ἔνθα
175 3634 250 3706 τούς
270 3634 386 3708 Ἰνδοὺς
408 3631 494 3719 μάχη
519 3635 662 3715 ίνίκησε],
688 3625 894 3713 Βουκεφάλαν
919 3631 973 3693 δίλ
998 3641 1097 3720 vitiose
1122 3642 1230 3722 spripta

69 3733 145 3792 haec
170 3733 228 3790 iam
250 3733 420 3792 Euanthius
444 3734 475 3790 in
499 3752 552 3790 ειιο
577 3731 679 3790 codiee
702 3736 851 3807 repererat
876 3728 913 3785 ad
935 3729 1019 3790 Hom.
1039 3753 1070 3811 p.
1091 3737 1157 3802 309,
1178 3739 1229 3793 12:

69 3821 121 3884 καί
142 3815 366 3904 ἦΒουκεφάλα
377 3857 416 3868 -
427 3817 514 3892 πόλις
530 3817 641 3898 Ἰνδικὴ
662 3818 757 3898 ἐκείνη
778 3819 942 3879 κτισθεῖσα
961 3816 1011 3880 ὑπ’
1025 3817 1230 3900 Ἀλεξάνδρου

69 3911 115 3976 λα’
138 3910 346 3996 ἀμφοτέραις,
378 3914 470 3996 φησί,
502 3920 570 3984 ταῖς
596 3908 709 3990 ὄχθαις
734 3912 791 3971 τοῦ
815 3917 958 3988 ποταμοῦ
979 3908 1152 3976 Ὑδάσπου.

70 4013 176 4070 16.17.
197 4009 255 4068 τοῦ
281 4009 400 4088 κεφαλῇ
425 4014 463 4079 A,
494 4010 532 4086 τῆ
557 4008 677 4087 κεφαλῇ
701 4009 741 4077 R,
767 4009 823 4068 τοῦ
848 4006 999 4089 κεφαλίον
1023 4011 1064 4078 V,
1091 4012 1169 4088 quod
1194 4031 1231 4070 ex

69 4102 127 4160 τοῦ
146 4099 298 4180 Κεφαλσί
315 4096 443 4180 [δήμ]ου
464 4111 629 4180 comptum
649 4099 770 4160 videtur.
792 4102 872 4181 apud
891 4105 982 4163 schol.
999 4105 1085 4162 Arist.
1099 4105 1231 4163 Amne:

69 4193 222 4274 Κεφαλῆς
246 4191 345 4270 δῆμος
369 4195 426 4271 τῆς
449 4187 675 4270 Ἀκαμαντίδος
704 4193 820 4272 φυλῆς,
851 4195 950 4254 dubito
982 4205 1076 4254 utrum
1099 4191 1232 4277 Κεφαλή

69 4287 255 4354 scribendum
281 4306 318 4345 ειι
342 4286 493 4367 Κεφαλῆς
518 4307 571 4365 pro
596 4284 752 4366 Κεφαλιῖς
778 4289 979 4368 accipiendum
1009 4291 1055 4347 sit.
1086 4285 1236 4368 Κεφαλαί

69 4379 171 4440 demut
190 4379 241 4438 ille
263 4379 368 4438 dicitur
385 4381 468 4439 Eunt.
490 4380 528 4438 ad
549 4381 633 4440 Hom.
653 4399 684 4458 p·
705 4383 771 4450 309,
792 4386 839 4440 11.
