2902 5084
617 263 690 336 247

79 441 152 534 totiu
174 436 208 508 δ’
231 441 264 522 ἐς
282 435 450 527 Δωδώνην
470 437 558 529 φάτο
582 439 751 532 βήμεναώ.
794 444 986 532 ἐπικέκληκε
1007 446 1045 514 δὲ
1062 442 1232 529 Ἀχιλλεὺς

74 559 134 628 τόν
156 558 192 626 ἐν
207 563 248 647 τῇ
266 555 438 646 Θεσσαλίᾳ
459 563 652 644 γειτνιῶντα
673 557 767 642 θεόν,
792 557 838 641 ώς
859 563 915 630 καὶ
938 558 956 630 ὁ
973 562 1155 652 Πάνδαρος
1176 561 1231 634 εό-

73 703 170 760 χοτατ
186 679 234 765 τῷ
247 681 436 762 Λυκηγενεῖ
454 677 512 744 καὶ
534 673 553 746 ὃ
569 675 703 766 Χρύσης
723 681 771 766 τῷ
785 686 940 763 Σμινδτῖ.
972 680 1031 748 τδν
1047 683 1086 751 δὲ
1101 686 1230 751 Δωδω-

75 801 170 864 ναῖον
200 792 314 882 &loyor
348 795 405 861 καὶ
429 791 554 864 Νότον.
600 793 791 884 Ζηνόδοτος
826 799 863 866 δὲ
893 795 1015 888 γράφει
1047 807 1228 888 Θηγωναῖε,

74 913 154 984 ἐπεὶ
174 911 210 982 ἐν
230 909 383 1000 Δωδώνη
406 917 538 1002 πρώτον
560 914 667 1002 φηγός
688 911 920 998 ἐμαντεύετο”.
954 917 1011 985 καὶ
1024 916 1169 999 Σουίδσς
1190 920 1254 990 δέτ

77 1057 162 1124 φησι
187 1028 385 1120 Θημωναίου
410 1031 498 1111 Δτδς
525 1028 614 1121 ἱερὸν
642 1023 729 1100 εἶναι
757 1029 792 1100 ἐν
817 1031 1003 1123 Θεσσαλίᾳ,
1032 1037 1089 1104 καὶ
1113 1041 1231 1104 τοῦτον

76 1151 329 1220 ἐπικαλεῖσθαι.
363 1149 470 1236 ἕτεροι
487 1149 524 1216 δὲ
538 1145 705 1237 γράφουσι
722 1152 916 1220 Βωδωναῖε·
940 1148 1043 1221 πόλιν
1064 1155 1126 1243 γδρ
1143 1147 1231 1224 εἶναι

77 1265 244 1356 Βωδώνην
266 1265 355 1336 ὅπου
375 1271 524 1352 τιμᾶται.
562 1268 688 1346 Κινέας
709 1268 749 1336 δέ
771 1292 855 1358 φησι
876 1267 980 1338 πόλιν
1001 1271 1037 1340 ἐν
1060 1271 1231 1362 Θεσσαλίᾳ

76 1381 165 1456 εἶναι
186 1389 243 1456 καὶ
264 1386 371 1476 φηγὸν
393 1387 450 1453 καλ
470 1387 509 1453 τὸ
531 1389 591 1454 τοῦ
614 1385 700 1465 Δτδς
725 1395 880 1470 μαντεῖον
908 1387 956 1470 εἰς
974 1384 1143 1480 Ἤπειρον
1169 1414 1229 1474 με-

75 1507 285 1594 τενεχθῆναι.
321 1499 539 1596 κὠνόμασται
558 1504 596 1572 δὲ
611 1505 695 1572 κατὰ
714 1502 975 1596 Θρασόβουλον”
998 1504 1229 1598 ώςἘπαφρό-
1243 1533 1269 1570 ω

78 1627 171 1704 διτσς
191 1620 470 1711 δπομνημοτίζων
489 1620 529 1688 τὸ
551 1618 581 1706 δ
605 1619 736 1692 Αἰτίων
760 1621 855 1717 αδττδ
877 1623 1045 1714 Δωδώνης
1064 1630 1146 1712 μιᾶς
1164 1630 1231 1692 τών

72 1739 274 1812 Ὠκεανίδων
291 1745 439 1832 νυμφῶν.
468 1736 715 1830 Ἀκεστόδωρος
735 1744 774 1812 δὲ
795 1739 866 1813 διτό
883 1739 1051 1824 Δώδωνος
1070 1747 1130 1812 τοῦ
1145 1744 1233 1824 Διὸς

78 1861 135 1929 καὶ
154 1857 331 1950 Εὐρώπης.
376 1857 464 1940 εὶκδς
484 1860 523 1928 δὲ
545 1854 615 1928 ἀπὸ
636 1855 806 1941 Δώδωνος
827 1865 997 1944 ποταμοῦ,
1027 1854 1065 1930 δν
1088 1860 1231 1949 παρατί-

79 1987 182 2068 θησιν
206 1975 226 2047 ό
246 1980 393 2064 τεχνικός
414 1979 448 2047 ἐν
469 1982 516 2067 τῷ
538 1976 559 2046 α’
581 1982 640 2066 τῆς
660 1973 814 2048 καθόλου
836 1978 939 2066 λέγων
960 1977 1065 2061 σῖτ’-τως
1088 1977 1232 2073 ςΔώδων

79 2098 231 2182 ποταμός
253 2095 445 2188 Ἠπείροώ.
488 2099 600 2165 διτταὶ
621 2093 654 2164 δ’
680 2095 744 2166 εἰσὶ
765 2099 948 2179 Δωδώναι,
973 2097 1054 2188 αὕτη
1077 2101 1133 2168 καὶ
1154 2096 1174 2188 ἦ
1197 2099 1269 2168 ἕντο

81 2216 256 2308 Θετταλίᾳ,
268 2214 429 2304 καθάπερ
445 2210 545 2286 ἄλλοι
558 2217 616 2284 καὶ
626 2212 827 2296 Μνασέας”.
854 2216 1055 2304 λέγεταικαὶ
1066 2214 1232 2297 Δωδών,

79 2325 119 2422 ἧς
139 2335 199 2424 την
220 2335 351 2424 γενικήν
370 2337 547 2426 Σοφοκλῆς
564 2332 719 2404 Ὀδυσσεῖ
739 2331 980 2425 σἰκανδσττλῆητ
1002 2342 1084 2430 εςνῦν
1105 2334 1138 2404 δ’
1157 2330 1233 2406 οἰλττ

80 2641 107 2694 1.
129 2629 232 2694 τόνδ’
254 2633 299 2711 λς]
323 2637 405 2695 Hom.
427 2637 485 2696 od.
507 2637 552 2706 14,
572 2641 638 2696 327.
660 2646 689 2695 et
709 2639 755 2704 19,
775 2638 841 2694 296.
944 2613 1126 2712 ἒιττκίκληλιλι
1139 2637 1171 2695 S.
1193 2637 1231 2695 cs.

80 2728 172 2786 ochoi.
194 2729 276 2786 Hom.
298 2729 331 2787 ΙΙ.
353 2733 403 2797 16,
424 2731 495 2788 234ε
517 2722 641 2796 εἰκότως
660 2725 713 2787 τὸν
733 2724 860 2800 πολίτην
878 2724 929 2784 καί
949 2722 1068 2803 γείτονα
1089 2725 1141 2786 καὶ
1160 2747 1232 2804 προ·

80 2813 207 2896 πότορα
225 2815 300 2878 θεὸν
320 2817 518 2889 ἐπικαλεῖται,
545 2814 586 2889 ὡς
611 2817 662 2878 καὶ
687 2813 703 2878 ὁ
723 2809 856 2894 Χρύσης
875 2815 929 2877 τὸν
949 2811 1090 2893 §parvula
1109 2815 1161 2878 καὶ
1179 2813 1234 2878 τόν

81 2911 249 2988 Λυκογτνῆ
277 2911 471 2990 (Λυκηγενῆ)
498 2906 677 2986 Πάνδαρος.
794 2914 821 2968 2.
848 2906 902 2970 τόν
925 2910 964 2990 τῇ
994 2913 1121 2986 Heyniuo
1149 2912 1233 2968 Hom.

81 3003 169 3062 voi.7
187 3025 218 3082 p.
230 3007 296 3064 264.
375 2999 545 3080 Πάνδαρος
561 3006 699 3080 Heyuius,
719 2999 879 3080 Πίνδαρος
892 3003 924 3061 S.
1002 3001 1232 3080 murmuret]
1301 3045 1303 3051 .

81 3096 158 3164 iii,
175 3101 241 3156 119.
339 3094 489 3171 Σμινθεῖ]
511 3097 544 3155 ii.
563 3104 590 3166 1,
609 3103 656 3158 39.
763 3096 792 3154 4.
811 3088 911 3153 Νότον
930 3098 1068 3164 Vossius,
1094 3100 1180 3152 ναῖον
1199 3095 1231 3154 S.

81 3209 105 3246 v.
126 3189 266 3247 Valcken.
288 3189 397 3266 Opusc.
418 3193 438 3245 2
457 3211 486 3268 p.
508 3195 574 3250 129.
602 3191 648 3247 cll.
669 3189 760 3248 schol.
782 3189 865 3244 Hom.
886 3188 918 3245 il.
939 3188 959 3244 1.
981 3188 1001 3244 l.
1027 3181 1044 3245 ό
1065 3184 1098 3243 δὲ
1117 3184 1233 3245 Δωδω·

79 3285 164 3350 ναῖος
182 3278 234 3340 καλ
254 3273 363 3349 Νότος.
383 3275 503 3358 δδρηλδ
522 3278 582 3359 γὰρ
602 3279 640 3340 τδ
661 3279 727 3340 ἐκεῖ
736 3276 848 3357 χωρία.
869 3280 936 3336 hino
956 3289 1068 3337 centum
1089 3278 1232 3336 Dodonae

78 3377 175 3434 sontes
195 3375 391 3434 celebraverat
409 3383 483 3432 teste
498 3375 592 3432 Plinio
607 3376 674 3432 NH.
685 3376 713 3442 4,
727 3379 753 3431 1.
774 3373 994 3450 Theopompus,
1015 3381 1153 3446 sequutus
1175 3370 1233 3436 iiie,

80 3479 111 3526 ut
126 3469 246 3535 viderur,
266 3465 474 3523 Callimachum
495 3467 574 3546 apud
594 3467 683 3525 schol.
697 3467 780 3522 Hom.
793 3465 825 3523 ΙΙ.
837 3457 878 3531 τ’,
892 3451 962 3522 254:
984 3457 1119 3540 κρηνέων
1137 3455 1163 3518 τ’
1176 3455 1233 3518 Εὖ·

79 3554 167 3638 ρώττη
186 3551 380 3634 μισγομένων
398 3550 521 3626 ἑκατόν,
544 3577 617 3634 quae
636 3558 788 3615 Zenodoto
807 3575 895 3613 eausa
915 3557 1082 3622 extiterunt,
1104 3565 1134 3610 ut
1155 3555 1233 3632 opud

81 3653 236 3710 Homerum
250 3643 411 3725 Δωδώνης
429 3645 639 3718 πολυπίδακος
659 3651 805 3708 scriberet.
826 3650 864 3706 de
883 3647 948 3705 iore
962 3649 1039 3705 Naio
1060 3647 1135 3706 adde
1148 3647 1232 3704 Butt-

67 3757 214 3800 'mauriu-
235 3742 273 3799 ad
292 3741 442 3800 Demosth.
463 3741 534 3798 Mid.
551 3762 580 3819 p.
592 3747 657 3802 125.
736 3747 764 3801 8.
776 3732 947 3814 Βιοδώνην]
968 3739 1066 3797 Scirol.
1083 3741 1166 3800 Hom.
1181 3740 1200 3800 l.
1213 3742 1232 3799 i.

79 3827 167 3902 πόλις
185 3830 245 3912 γὰρ
267 3829 445 3902 Θεσσαλίας
464 3827 482 3911 ἦ
503 3827 632 3902 Βωδών,
655 3819 692 3893 οὗ
711 3834 838 3909 τιμᾶται
851 3823 944 3901 Ζεός·
965 3825 984 3909 ἡ
1005 3833 1060 3890 νῦν
1071 3830 1205 3902 Βονδίτζ
1226 3874 1233 3889 .

80 3932 127 3985 11.
139 3921 262 3984 Αἰτίων
281 3926 439 3994 uenturus,
461 3921 558 3984 αἴτιον
578 3927 609 3984 S.
690 3933 735 3986 15.
750 3919 888 4000 ποταμὸς
907 3944 944 3983 ex
963 3915 1050 3991 πόλις
1069 3934 1232 4003 συνταραττο

81 4017 233 4076 ridebatur
244 4019 282 4076 G.
292 4018 452 4076 Dindorfio.
470 4019 577 4076 editum
592 4020 621 4076 in
637 4039 689 4076 suo
702 4020 802 4076 codice
814 4019 943 4096 repperit
954 4017 1085 4074 Eusiatii.
1098 4017 1136 4073 uri
1149 4019 1232 4074 Hom.

80 4131 110 4187 p.
121 4113 188 4180 33⁵,
199 4111 248 4168 46.
269 4119 298 4170 et
318 4110 355 4168 εδ
368 4111 454 4169 Dion.
469 4112 534 4168 Per.
546 4112 613 4170 478.
634 4123 760 4170 ceterum
779 4110 846 4167 hino
866 4111 969 4189 supple
990 4110 1094 4168 Arcad.
1110 4130 1138 4186 p.
1152 4113 1234 4178 11‚5.

80 4209 127 4260 16.
150 4197 267 4284 Ἰταλίη
291 4203 366 4262 libri.
403 4203 557 4284 “fortassis
589 4204 688 4261 incidit
713 4213 810 4260 notter
834 4204 863 4258 iu
889 4203 1073 4280 depravatum
1098 4202 1236 4259 Mnaseae

80 4296 220 4363 codicem,
240 4296 268 4352 in
290 4315 347 4372 quo
359 4289 501 4370 Δωδώνη
523 4316 576 4374 pro
592 4287 728 4368 Βωδώνη
744 4289 920 4371 irrepserut”
937 4296 972 4352 B.
989 4305 1066 4353 recte
1083 4287 1238 4373 Θετταλίᾳ

78 4387 220 4464 ,ileyuiuu
