2888 5084
756 239 830 316 122

1288 383 1296 406 .

295 423 522 516 Ἅρκτᾶιες,
552 417 598 502 ῶς
618 418 796 502 Αἰνιᾶνες,
824 417 927 503 ἔθνος
944 417 1203 511 Ἠπιιρωτικόν.
1242 418 1376 502 Ῥιανός

213 546 249 614 ἐν
274 541 415 635 τετάρτη
440 542 667 612 Θεσσαλικῶν.

291 658 462 755 ’Άρκτων
479 661 616 751 νῆσος.
652 655 758 739 οὕτως
780 654 800 748 ῆ
820 655 966 742 Κύζικος
987 659 1148 739 ἐκαλεῖτο,
1170 661 1229 730 καί
1249 656 1374 742 πόθεν,

214 779 384 874 είρῆσεται
414 782 450 850 ἐν
480 783 528 867 τῶ
560 778 639 869 περί
672 775 785 868 αὐτῆς.
836 778 970 867 λέγεται
1005 777 1063 847 καί
1099 779 1272 861 συνθέτως
1295 777 1375 870 Ἀρ-

187 898 383 991 οκτόνησος.

290 1020 433 1108 Ἅρμα,
470 1014 573 1099 πόλις
609 1015 780 1099 Βοιωτίας
813 1021 874 1106 τῆς
910 1021 1130 1107 Ταναγρικῆς.
1174 1015 1376 1098 Παυσανίας

212 1136 331 1229 ἐνάτῳ.
364 1135 492 1228 ἐκλῆθη
509 1139 564 1227 [δὲ
586 1135 693 1218 οὕτως
709 1133 731 1227 ῆ
745 1131 836 1205 διότι
858 1135 927 1204 ἐκεῖ
945 1132 1089 1226 κατεάγη
1110 1136 1150 1204 τὸ
1170 1141 1233 1205 τοῦ
1246 1133 1372 1228 Ἀδρό-

213 1283 294 1328 στου
315 1255 414 1346 ἅρμα,
439 1250 475 1346 ii]
505 1251 576 1325 άπδ
603 1251 819 1345 Ἀμφιαράου
844 1259 905 1324 τοῦ
931 1253 1089 1344 άρματος.
1133 1255 1283 1326 ἐνταῦθα
1310 1257 1373 1346 γάρ

212 1379 414 1468 καταφυγεῖν
443 1397 530 1464 φασι
556 1373 642 1459 μετὰ
669 1378 731 1443 τοῦ
759 1372 908 1462 ἅρματος
934 1374 992 1442 καί
1013 1371 1073 1444 οὐκ
1095 1375 1281 1464 ἐκδοθῆναι
1302 1379 1374 1454 τοῖς

175 1529 201 1570 ιο
214 1491 393 1564 διώκουσιν
408 1488 476 1564 inl
491 1499 558 1562 τῶν
572 1489 826 1562 κατοικούντων.
859 1490 932 1562 ἔστι
953 1493 1083 1583 καὶτῆς
1098 1490 1250 1584 Ἀττικῆς
1262 1492 1373 1580 ’Ἅρμα

214 1611 266 1705 [ἐν
286 1610 464 1703 Πάρνηθι]
487 1615 566 1703 περὶ
586 1611 647 1702 τῆν
671 1613 784 1702 Φυλῆν
804 1612 1025 1702 καλουμένην·
1049 1608 1191 1700 ὑπάρχει
1213 1613 1252 1684 δὲ
1274 1602 1374 1694 οὗτος

84 1709 86 1712 .
213 1737 319 1826 δῆμος
341 1730 423 1818 ἔχων
445 1727 607 1824 φροόριον
629 1727 757 1821 δχυρόν,
781 1730 905 1822 ὅμορον
921 1736 964 1822 τῆ
984 1736 1185 1824 Ταναγρικῆ.
1219 1735 1373 1801 καλεῖται

212 1855 269 1923 καί
285 1851 407 1940 λουτρὰ
423 1847 651 1941 Ἀμφιαράου.
683 1850 722 1919 τό
745 1850 883 1921 ἕθνικδν
898 1848 1092 1942 Ἀρματεός.
1125 1849 1198 1920 ι’ίστι
1215 1850 1373 1942 καλλίρ-

211 1999 321 2058 ματα
342 1967 444 2050 πόλις
465 1972 702 2059 πληθυντικῶς
719 1967 869 2061 Ἰνδικῆς.
912 1971 1049 2040 δθνικὸν
1075 1971 1115 2039 τό
1142 1967 1241 2053 αὖτό,
1269 1966 1371 2061 ῆδιά

173 2091 251 2161 ιιτὸ
273 2093 332 2178 τῆς
351 2085 462 2180 χώρας
483 2085 567 2170 ἔθος
589 2084 793 2181 Ἅρματηνός
815 2085 837 2180 ἢ
859 2087 1057 2180 Ἅρματίτης
1078 2087 1168 2178 (ἔστι
1189 2090 1247 2160 καὶ
1268 2087 1372 2173 πόλις

207 2205 433 2301 Ἅρματίτης),
455 2203 502 2288 ῶς
523 2212 584 2276 τοῦ
606 2208 690 2297 ἕρμα
712 2207 896 2300 ἑρματίτης.

294 2325 476 2415 Ἀρμίνη,
504 2323 596 2416 κῶμη
623 2327 880 2418 Παφλαγονίας.
924 2329 1112 2408 Μένιππος
1140 2327 1175 2397 ἐν
1202 2325 1369 2420 περίπλῳ.

212 2449 306 2540 παρὰ
328 2448 367 2517 δὲ
388 2449 583 2537 Ξενοφῶντι
611 2446 647 2514 ἐν
668 2443 881 2535 Ἀναβάσεως
904 2443 963 2535 [ς’]
988 2443 1153 2537 Ἀρμῆνην
1174 2447 1233 2516 διδ
1254 2452 1316 2516 τοῦ
1338 2451 1369 2538 ῆ.

210 2569 250 2638 τδ
277 2565 416 2639 δθνικδν
442 2568 501 2654 τῆς
522 2560 682 2656 Ἁρμένης
703 2563 908 2656 Ἀρμεναῖος,
937 2562 984 2646 ὡς
1010 2569 1069 2655 τῆς
1096 2567 1273 2657 Κασμένης
1296 2575 1370 2637 Κα-

209 2785 411 2798 m

209 2929 298 3005 ginta.
335 2936 364 2986 at
379 2943 458 2986 ‘vero
484 2931 665 2988 centenarius
692 2948 826 2988 numerus
857 2947 943 3005 quem
973 2929 1030 2988 late
1059 2939 1160 3008 pateat
1189 2930 1389 2988 αοῐίιείιαιιια,

210 3030 264 3080 eet.
285 3020 326 3080 el.
338 3020 444 3079 Exere.
464 3020 536 3098 phil.
558 3024 595 3080 ad
615 3023 718 3082 Athen.
730 3024 756 3080 ll
769 3043 800 3102 p.
811 3026 858 3082 29.
947 3021 1041 3098 νῆσος
1056 3015 1175 3090 Ἰωνίας
1194 3025 1230 3092 Β,
1249 3037 1368 3103 praeter

209 3115 421 3173 necessilatem.
450 3132 477 3172 v.
498 3115 595 3173 Streb.
618 3117 655 3174 14
674 3136 705 3195 p.
725 3119 792 3176 656.
818 3123 848 3172 et
872 3116 985 3172 Arriae.
1005 3115 1081 3193 Exp.
1103 3119 1135 3182 1,
1155 3119 1204 3174 2³.
1230 3119 1278 3176 ubi
1298 3119 1367 3178 ilem

202 3198 405 3287 Ἀρκόννησος
424 3206 527 3266 editur.
553 3208 704 3286 probabile
723 3225 791 3268 vero
812 3209 899 3266 etiam
919 3207 1043 3266 ionicam
1063 3209 1238 3268 Areonesum
1259 3230 1278 3268 e
1298 3212 1366 3272 Ste-

208 3301 306 3380 phano
326 3309 510 3360 memoratam
530 3301 584 3358 sed
603 3321 657 3380 per
676 3302 877 3378 negligentiam
898 3300 1094 3379 epitomatorie
1115 3301 1250 3360 omissam
1270 3321 1347 3364 esee.

201 3384 404 3462 Ἀπολλώνιος
423 3394 487 3462 RV,
501 3385 734 3471 Ἀπολλόδωρος
753 3397 787 3451 Α.
865 3399 894 3453 1.
913 3390 1060 3462 Αἰνιᾶνες
1080 3395 1116 3462 Η,
1136 3387 1271 3463 Ἀνιιῖνες
1291 3396 1366 3454 libri.

208 3489 236 3542 2.
259 3480 460 3543 Θεσσαλικῶν
478 3485 543 3555 RV,
570 3482 767 3546 Θετταλικῶν
784 3488 818 3544 Α.
934 3489 963 3545 3.
982 3477 1205 3564 Ἀρκτόννησος
1223 3488 1308 3567 PpV.

210 3581 239 3635 6.
256 3576 472 3654 Ταναγρᾳΐκῆς
484 3579 520 3636 R.
598 3582 627 3636 7.
639 3570 752 3659 ἐνάτῳ]
772 3580 895 3649 c.19‚l.
973 3582 1001 3638 7.
1012 3584 1040 3638 8.
1056 3581 1143 3636 verba
1159 3582 1239 3637 uncis
1254 3581 1366 3639 inclusa

210 3687 247 3728 ex
265 3669 416 3728 Eustalhio
436 3671 474 3728 ad
495 3673 580 3730 Hom.
600 3691 631 3749 p.
643 3675 710 3740 266,
724 3677 763 3732 38
782 3674 927 3752 suppleta.
1006 3676 1053 3730 11.
1073 3668 1106 3730 ἐν
1125 3664 1276 3749 Πάρνηθι
1296 3673 1365 3732 add.

208 3761 386 3820 Enetetliiue.
503 3748 606 3839 οὗτος]
633 3764 697 3822 Hoc
716 3766 755 3823 ed
774 3766 885 3841 Phylen
904 3773 1031 3844 spectat,
1052 3783 1112 3822 non
1132 3763 1171 3821 ad
1190 3764 1307 3834 Henna,
1328 3766 1366 3827 de

211 3873 268 3931 quo
288 3853 428 3913 intellexit
446 3857 623 3916 Eustathiue.
708 3857 756 3918 14.
774 3852 902 3934 Ἰνδικῆς
921 3858 985 3926 RV,
1003 3849 1114 3933 Ἰνδική
1135 3857 1168 3916 Α.
1247 3861 1294 3918 15.
1314 3879 1366 3918 πο·

208 3941 294 4020 lime
313 3964 366 4023 pm
386 3941 474 4016 πόλις
492 3951 529 4008 X.
646 3953 692 4009 16.
709 3943 827 4028 Ῥῆγμα
840 3945 1045 4028 Ῥηγματίτης
1064 3950 1101 4007 Β.
1122 3959 1152 4008 at
1171 3968 1230 4007 non
1250 3969 1366 4030 semper

208 4038 388 4117 explicandis
412 4041 560 4116 gentilium
584 4043 684 4101 formis
709 4043 1011 4125 Steplmnuesurbium
1038 4044 1155 4101 nomine
1182 4042 1308 4103 adhibet.
1340 4046 1365 4103 ei

201 4126 389 4208 Ἆρματίτης
413 4133 490 4190 urbi·
518 4153 623 4193 nomen
647 4135 703 4192 luit
729 4137 782 4212 (ut
804 4128 975 4214 Αἰγινήτης
998 4145 1029 4194 et
1053 4135 1189 4210 similia),
1218 4147 1364 4215 postrema

209 4225 350 4283 lmematis
371 4226 457 4282 verba
476 4225 601 4284 sortasse
620 4228 661 4285 ita
680 4239 748 4286 sunt
766 4229 995 4308 transponenda:
1008 4222 1202 4305 Ἁρματηνός
1218 4220 1237 4304 ἢ
1251 4222 1363 4308 Ἅρμα·

207 4314 302 4393 τίτης,
323 4309 366 4386 ῶς
384 4315 441 4374 τοῦ
460 4310 540 4396 ίρμα
560 4311 734 4396 ἕρματίτης.
753 4309 819 4380 ἔστι
833 4318 884 4379 καί
898 4313 986 4390 πόλις
998 4317 1194 4398 Ἀρματίτης.
1274 4328 1321 4383 18.
1336 4316 1363 4392 ς’

208 4407 252 4483 (1,
272 4411 305 4486 9)
326 4410 395 4468 add.
415 4411 452 4470 H.
562 4415 607 4471 19.
628 4411 685 4487 τῆς
704 4425 770 4474 ante
784 4409 932 4492 Ἀρμίνης
953 4406 1119 4494 (Ἀρμῆνης
1140 4413 1180 4488 V)
1201 4435 1257 4476 om.
1278 4416 1343 4476 Rv.
