2866 5092
294 520 558 614 Ἀκαδήμεια,
586 518 768 610 γυμνάσιον
787 515 986 610 Ἀθήνησιν,
1015 511 1057 590 αὖ
1078 517 1112 590 οἳ
1131 516 1378 609 Ἀκαδημαίκαὶ

217 640 417 734 φιλόσοφοι.
457 641 613 728 κέκληται
635 636 706 708 άπὸ
728 644 788 709 τοῦ
804 635 1006 729 Ἀκαδήμου.
1046 634 1214 729 γράφεται
1231 640 1296 707 καὶ
1317 639 1377 714 διά

216 766 277 830 τοῦ
305 763 327 828 ἕ
351 755 569 847 Ἑκαδήμεια,
600 759 678 848 περί
707 749 748 828 οὗ
773 757 808 828 δν
833 761 882 847 τῷ
902 761 930 826 τ’
956 758 1168 843 λέξομεν....
1194 755 1252 826 διό
1275 752 1375 844 καλή

219 876 346 960 πλείων
364 881 480 968 χρήσις
501 875 619 958 οὕτως.

194 1018 208 1058 ι
300 993 558 1085 Ἀκακήσιον,
580 992 683 1077 πόλις
698 993 887 1086 Ἀρκαδίας,
910 991 981 1063 άπδ
998 990 1142 1064 Ἀκάκου
1158 995 1288 1075 παιδός
1300 998 1377 1062 Λυ-

220 1111 354 1195 κάονος,
388 1108 441 1196 ὡς·
462 1112 662 1196 Παυσανίας
691 1110 807 1205 ὀγδόη.
849 1114 889 1183 τό
919 1113 1057 1183 έθνικδν
1080 1109 1299 1202 Ἀκακήσιος,
1331 1106 1378 1192 ὥς

214 1227 429 1322 Ἀνακτόριος
449 1231 643 1315 Βυζάντιος.

307 1347 585 1440 [Ἀκαλησσός,
608 1347 711 1431 πόλις
732 1349 876 1432 Λυκίας.
912 1350 951 1420 τό
974 1349 1126 1439 emar]
1142 1346 1379 1440 Ἀκαλησσεός,

222 1467 269 1550 ὡς
294 1467 518 1558 Τυμνησσεός,
540 1465 810 1559 ἢἈκαλήσσιος.

184 1621 211 1662 10
303 1583 591 1673 Ἀκαμάντιον,
614 1585 717 1671 πόλις
735 1592 796 1678 τής
815 1585 962 1677 μεγάλης
986 1583 1148 1677 Φρυγίας,
1170 1583 1382 1672 Ἀκάμαντος

223 1703 345 1791 κτίσμα
374 1711 436 1774 τοῦ
467 1707 617 1795 Θησέως,
650 1697 679 1795 ᾦ
706 1703 957 1796 συμμαχήσαντι
985 1706 1072 1796 πρός
1100 1706 1179 1786 τούς
1205 1704 1382 1792 Σολύμους

223 1824 282 1894 τόν
302 1821 410 1894 τόπον
432 1825 568 1894 δέδωκε.
600 1823 641 1894 τό
663 1825 800 1894 έθνικὸν
815 1822 1036 1908 Ἀκαμάντιος
1057 1817 1104 1905 ὥς
1124 1822 1320 1910 Βυζάντιος,
1342 1827 1381 1894 τό

224 1944 264 2014 δέ
290 1944 441 2032 κτητικόν
467 1950 528 2013 τοῦ
548 1941 754 2029 Ἀκάμαντος
782 1945 840 2014 διά
865 1947 925 2034 τῆς
944 1949 977 2009 ἐἲ
999 1939 1203 2033 διφθόγγου.
1248 1945 1384 2036 λέγεται

225 2062 283 2130 καὶ
308 2058 508 2147 Ἀκαμαντίς
541 2059 587 2144 ὡς
620 2062 791 2146 Βυζαντίς.
836 2062 1033 2153 Παρθένιος
1065 2059 1098 2131 δ’
1131 2063 1166 2131 ἐν
1195 2058 1382 2155 Ἀφροδίτῃ

187 2175 447 2265 ιιἈκαμαντίδα
476 2177 577 2270 αότήν
604 2205 698 2272 φησι.
741 2183 890 2251 έκαλιέτο
918 2182 975 2248 καὶ
996 2181 1084 2270 φυλή
1101 2177 1306 2267 Ἀκαμαντίς
1324 2189 1384 2274 τῆς

220 2295 386 2388 Ἀττικῆς,
413 2295 459 2380 όις
479 2299 677 2391 Σιμωνίδης.

300 2411 518 2500 Ἀκανθος,
547 2417 650 2501 πόλις
680 2414 810 2511 Θράκης
838 2415 1007 2499 άκάνθαις
1033 2418 1267 2508 πεφραγμένη,
1297 2416 1384 2512 ὑπὲρ

225 2535 283 2606 τὸν
296 2529 406 2618 Ἀθω,
428 2535 512 2606 ὅθεν
532 2539 696 2630 κέκληται,
720 2534 741 2629 ἢ
756 2534 827 2608 άπό
842 2563 933 2618 τινος
943 2533 1122 2618 Ἀκάνθου,
1145 2533 1191 2619 ὡς
1206 2541 1385 2622 Μνασέας.

227 2650 259 2740 β’
283 2651 355 2725 ἔστι
376 2655 433 2724 καί
452 2651 488 2724 έν
507 2653 675 2748 Λίγόπτῳ
689 2652 874 2741 Ἀκανδος,
896 2660 1084 2749 Μέμφιδος
1106 2653 1281 2742 ἀπέχουσα
1304 2685 1385 2730 στα-

189 2795 216 2836 w
229 2773 323 2859 δίους
354 2773 567 2865 τριακοσίους
594 2777 702 2850 εἴκοσι
730 2780 788 2848 καί
810 2775 871 2847 δύο
878 2829 887 2860 ,
918 2775 967 2866 [έν
986 2769 1022 2868 ᾗ]
1049 2780 1132 2870 «τῆς
1153 2774 1308 2867 άκάνδης
1327 2783 1386 2867 τῆς

231 2898 399 2983 Θηβαίκής
419 2889 523 2976 άλσος
545 2892 741 2987 εὐμέγεθες,
769 2896 807 2978 έξ
829 2889 871 2986 ἧς
897 2897 954 2965 καί
980 2898 1020 2965 τό
1042 2893 1146 2982 κόμμι
1168 2893 1384 2987 συνάγειαι”.

228 3009 257 3098 γ’
281 3006 365 3101 άλλη
393 3012 427 3082 ἐν
454 3019 496 3105 τῇ
520 3015 708 3108 χερρονήσῳ
736 3017 830 3106 παρά
852 3017 912 3106 τήν
934 3013 1090 3087 Κνιδίαν.
1136 3013 1166 3084 δ’
1189 3014 1262 3087 ἔστι
1284 3013 1382 3108 καλή

230 3393 257 3447 1.
272 3378 459 3464 Ἀκαδημίίιι
478 3389 514 3446 R.
624 3379 707 3465 [ἀφ’]
728 3369 765 3442 οὗ
784 3386 952 3445 Salmasius.
1055 3394 1083 3446 2.
1104 3387 1161 3446 τοῦ
1181 3388 1250 3446 add.
1272 3389 1310 3448 V.

228 3485 256 3539 3.
274 3475 446 3555 Ἑκαδημία
465 3481 529 3538 RV.
549 3480 682 3538 lacunam
703 3480 840 3537 indicavit
859 3481 897 3537 M.
919 3481 958 3540 cf.
979 3482 1056 3540 insta
1076 3483 1114 3540 ad
1130 3475 1332 3558 Ἑκαδήμεια.

228 3577 255 3630 6.
277 3563 384 3648 ὀγδόη]
406 3575 433 3640 3,
454 3577 481 3628 2.
560 3577 588 3630 8.
604 3565 793 3647 Ἀκαλησσός
811 3605 850 3615 -
869 3569 993 3634 ίδνικόν
1013 3593 1069 3632 om.
1088 3575 1161 3642 libri,
1182 3576 1330 3654 supplevit
1351 3577 1387 3634 Η.

222 3659 430 3738 Ἀκυλησσεάς
449 3669 483 3736 Α,
503 3659 633 3740 λησσεός
653 3663 756 3724 HRV.
898 3673 926 3726 9.
951 3663 1134 3743 Τυμησσεάς
1153 3670 1228 3736 libri,
1251 3687 1326 3725 corr.
1349 3670 1388 3727 H.

221 3749 426 3830 ’Ἀκαλήσσιος
445 3757 554 3836 PpRV,
571 3750 754 3833 Ἀκαλήσιος
772 3761 806 3817 Α.
945 3766 991 3819 11.
1012 3754 1128 3836 λάμους
1148 3781 1202 3840 pro
1222 3755 1388 3837 Σολύμους

138 3903 140 3908 .
229 3846 272 3906 Π.
361 3853 408 3906 12.
430 3846 554 3923 δέδωκε]
574 3851 725 3908 Excidisse
746 3851 858 3910 videtur
870 3844 1040 3928 Ἴσανδρος.
1132 3855 1179 3912 14.
1200 3850 1252 3911 καί
1273 3873 1331 3912 om.
1352 3855 1390 3911 V.

229 3944 276 3999 16.
298 3937 484 4018 Σιμωνίδης]
505 3944 590 4001 Anth.
611 3942 672 4000 Pal.
689 3948 736 4012 13,
755 3947 803 4012 28,
824 3950 851 4002 1.
931 3949 1035 4004 1216.
1056 3941 1124 4022 περὶ
1143 3941 1197 4004 τὸν
1217 3945 1390 4006 Salmasius.

220 4025 464 4102 ⁴18.}Axu'r.20vc
483 4037 518 4093 R.
616 4030 768 4103 Μνασέας
787 4036 824 4094 V.
928 4041 973 4097 19.
993 4031 1024 4112 β’
1045 4038 1114 4096 add.
1134 4039 1170 4096 R.
1269 4045 1317 4099 20.
1338 4037 1392 4098 καὶ

220 4119 286 4183 Ιδύο
307 4125 343 4194 V,
364 4123 414 4183 καί
432 4122 465 4200 ,δ’
484 4130 519 4196 R,
545 4123 596 4186 καί
617 4122 744 4202 δευτέρα
764 4126 854 4207 Ppfl,
878 4125 1006 4206 δευτέρα
1026 4132 1060 4187 Α.
1168 4127 1201 4189 έν
1219 4115 1240 4210 ᾗ
1261 4133 1332 4193 add.
1355 4135 1392 4191 H.

220 4219 381 4294 -uequentia
401 4220 573 4279 eStrabone
586 4225 622 4279 17
636 4242 666 4299 p.
678 4225 749 4280 809:
769 4218 848 4296 μετὰ
869 4218 902 4280 δέ
921 4217 1056 4302 Μέμφιν
1069 4215 1224 4293 Ἄκανθος
1243 4218 1333 4295 πόλις
1354 4257 1393 4270 --

230 4306 282 4366 καί
301 4306 337 4368 τδ
357 4310 413 4386 τῆς
432 4305 573 4388 ἀκάνθης
594 4303 689 4380 ἄλσος
708 4313 764 4388 τῆς
785 4309 961 4390 Θηβαίκῆς,
987 4312 1019 4384 ἐξ
1044 4298 1081 4390 ἦς
1104 4311 1139 4374 τδ
1166 4308 1273 4392 κόμμι.

229 4404 277 4457 22.
293 4395 472 4485 χιροννήσῳ
490 4401 619 4482 γ’ξνιαρά
640 4405 708 4473 RV,
734 4407 764 4462 in
790 4425 885 4484 quoy
909 4427 945 4465 ex
963 4407 1002 4485 τῇ
1022 4417 1186 4488 corruptum
1209 4411 1334 4471 videtur.

220 4489 374 4569 Kmdlar
393 4496 430 4567 R,
450 4495 481 4555 Γ
477 4493 577 4556 νιδίαν
595 4495 686 4576 PpH.
780 4494 832 4556 καί
854 4490 958 4575 [άλλ]η
980 4499 1016 4557 Η.
1114 4541 1116 4546 ,
