2858 5056
752 257 826 332 714

620 570 898 648 EPIMETRUhl
926 572 952 644 1.

414 719 465 776 D'e
492 715 636 777 Crateri
663 720 861 800 συναγωγῇ
886 713 1155 801 ψηφισμάτων.

286 841 433 916 Craterus,
456 847 568 904 Crateri
581 847 750 907 Macedonis
770 869 806 908 ex
821 848 905 906 Phila
921 847 1005 918 lilius,
1026 851 1159 926 Antigoni
1182 849 1264 925 regis
1287 847 1382 906 frater

209 952 337 1008 uterinus
347 947 379 1023 ¹),
400 948 555 1007 Alexandri
575 950 653 1017 eius,
678 953 759 1008 cuius
786 951 881 1007 uxoris
902 949 1031 1009 Nicaeae
1052 951 1199 1008 arnorihus
1220 950 1380 1029 Euphoric

209 1049 328 1108 indulsit
338 1048 372 1125 ¹),
392 1069 512 1128 parens,
539 1050 667 1108 historici
692 1062 794 1109 auctor
817 1051 910 1110 extitit
934 1052 1130 1130 operis‚1quo
1151 1051 1379 1110 Atheniensium

209 1151 327 1210 decreta
348 1151 464 1230 publico
488 1163 517 1211 et
543 1151 601 1210 alia
621 1171 714 1210 rerum
734 1162 878 1229 gestarum
898 1152 1116 1228 tuonumenta³)
1138 1151 1380 1227 itacollegerat,

209 1261 240 1334 ut
266 1251 402 1314 adhibitis
429 1253 514 1310 simul
539 1252 738 1310 historicorum
766 1254 936 1310 testimoniis
963 1251 1122 1326 (Plutarch.
1148 1253 1236 1309 Arist.
1259 1247 1313 1323 26)
1342 1269 1379 1307 ac

209 1371 247 1411 ne
262 1353 455 1431 Aristophane
476 1353 592 1430 quidem
613 1337 745 1428 neglecto
767 1352 870 1429 (sdrol.
888 1355 957 1430 Lys.
968 1351 1049 1428 313),
1070 1373 1182 1412 ornnem
1200 1371 1377 1429 graecarum

209 1471 303 1511 rerum
323 1454 488 1510 memoriam
510 1451 728 1530 diligentissime
744 1455 909 1513 illustraret.
930 1455 1028 1511 titulus
1043 1456 1140 1533 operis
1153 1455 1248 1513 luisse
1262 1454 1380 1511 videtur

209 1549 379 1630 Συναγωγή
399 1547 623 1632 ψηφισμάτων.
650 1553 688 1610 ita
708 1549 786 1613 certe
807 1565 909 1613 rorant
932 1556 1125 1634 Harpocratio
1142 1574 1167 1612 s.
1189 1573 1214 1612 r.
1238 1543 1287 1612 ὅτι
1310 1550 1376 1610 δια-

207 1647 357 1732 propulset
377 1663 405 1713 et
425 1654 516 1712 schol.
533 1655 619 1712 Arist.
635 1655 709 1712 Rau.
722 1660 788 1714 320.
809 1657 856 1715 cll.
876 1651 1031 1715 Plutarcho
1052 1655 1127 1714 Cim.
1140 1659 1187 1715 13.
1206 1654 1377 1721 Pollucefl,

209 1759 277 1827 126,·
303 1755 422 1832 reliquis
449 1755 511 1814 sere
541 1754 710 1834 simpliciter
737 1750 954 1836 ψηφισμάτων
983 1758 1099 1814 nomine
1130 1757 1289 1814 utentibus.
1317 1754 1375 1812 hoc

209 1876 313 1934 opere,
340 1875 397 1932 qno
422 1857 473 1914 illa
499 1865 580 1915 aetas
606 1876 700 1933 neque
725 1858 840 1934 plenius
866 1857 1023 1934 quidquam
1049 1877 1143 1934 neque
1169 1855 1206 1913 ad
1235 1873 1373 1932 graecam

208 1959 355 2016 historiam
385 1958 588 2036 praestabilius
619 1958 696 2026 tulit,
728 1977 791 2015 cum
822 1937 1053 2035 frequentissime
1082 1957 1251 2035 Stephanus
1282 1957 1374 2012 tacito

208 2062 333 2120 auctoris
352 2062 467 2118 nomine
487 2077 556 2116 usus
577 2059 627 2129 sit,
654 2077 761 2136 operae
786 2061 908 2137 pretium
931 2059 1043 2116 ridetur
1062 2056 1199 2134 quicquid
1221 2057 1373 2133 fragmen·

208 2173 301 2220 torum
322 2161 491 2238 amplissimi
511 2160 624 2238 operis,
651 2177 751 2216 noveru
777 2159 865 2217 libros
892 2159 1050 2238 complexi,
1076 2168 1222 2216 serratum
1249 2167 1297 2216 est
1318 2155 1373 2214 hoc

208 2262 273 2320 loco
299 2279 483 2339 componere.
509 2259 607 2318 ordiar
634 2261 669 2316 ab
696 2259 795 2317 ultimo
821 2261 909 2330 libro,
935 2262 964 2317 in
990 2280 1047 2338 quo
1073 2279 1129 2318 non
1156 2258 1291 2326 decreta,
1319 2256 1371 2314 sed

208 2361 352 2421 civitatum
373 2359 595 2418 Atheniensibus
619 2360 831 2419 tributariarum
852 2362 1014 2438 catalogum
1035 2359 1221 2429 exhibuerat,
1248 2359 1370 2416 similem

207 2465 244 2534 ei,
264 2464 344 2520 cuius
365 2461 502 2537 reliquias
522 2478 616 2537 nuper
635 2479 653 2517 a
673 2461 832 2539 Rangabeo
853 2461 1039 2520 tumultuaria
1058 2479 1154 2540 opera
1170 2459 1279 2528 editas,
1300 2479 1372 2538 pro·

206 2565 321 2645 pediem
351 2565 427 2620 iusto
457 2561 559 2618 ordine
591 2561 747 2640 dispositas
778 2564 885 2642 publici
917 2564 986 2620 iuris
1016 2562 1105 2620 saciet
1134 2558 1296 2618 Biickltius.
1324 2579 1370 2618 res

206 2650 331 2745 apparet
350 2681 387 2722 ex
407 2663 445 2720 iis·
463 2679 538 2738 quse
559 2663 638 2740 apud
657 2663 836 2742 Stephanum
856 2664 991 2740 leguntur
1009 2683 1040 2742 p.
1061 2666 1127 2730 256,
1148 2666 1195 2718 tt.
1219 2661 1267 2718 tabi
1289 2679 1369 2717 corn·

205 2775 363 2832 tnetncrata
382 2763 558 2823 Phoenicius
579 2767 648 2822 urbe
668 2765 747 2821 Doro
767 2783 818 2822 seu
839 2765 918 2822 Dora
938 2765 978 2823 ita
1003 2765 1110 2843 pergit:
1137 2757 1203 2821 ἔστι
1228 2758 1283 2820 καὶ
1305 2760 1369 2822 Κα·

207 2861 276 2944 piac
295 2861 391 2934 πόλις,
413 2857 451 2942 ἢν
471 2861 686 2942 συγκαταλέγει
706 2867 775 2932 ταῖς
793 2859 899 2922 πόλεσι
916 2869 985 2934 ταῖς
999 2863 1153 2940 Καρικαῖς
1167 2858 1335 2940 Κρατερὸς
1344 2864 1369 2936 ·)
1401 2865 1403 2868 ’

206 2965 239 3028 ἐν
257 2967 302 3046 τῷ
321 2963 388 3044 περὶ
408 2959 625 3044 ψηφισμάτων
644 2957 741 3045 ἐνάτῳ
754 2963 777 3042 ⁵)
800 2959 961 3047 “Kupmdc
986 2959 1097 3044 φόρος·
1123 2960 1239 3040 Δῶρος
1261 2962 1369 3038 waca-

205 3061 320 3128 ititur''.
345 3069 449 3126 ubine
470 3067 516 3123 cni
535 3067 636 3123 mirum
658 3066 789 3124 videatur
806 3065 952 3136 Phaselin,
971 3067 1080 3140 Lyciae
1101 3066 1210 3132 urbem,
1231 3065 1370 3140 coniungi

206 3191 270 3228 cum
290 3171 384 3237 Doro,
406 3170 475 3226 urbe
497 3167 616 3237 Carica,
636 3167 791 3225 tenendum
812 3177 869 3234 est,
892 3167 1043 3224 Craterum
1064 3165 1169 3223 Carica
1190 3173 1220 3222 et
1239 3163 1370 3238 Lyciaca

204 3274 312 3331 tributa
331 3269 472 3326 communi
489 3267 631 3346 Καρικοῦ
651 3259 751 3346 φόρου
772 3268 888 3325 nomine
907 3269 1087 3348 complexum
1108 3284 1184 3333 esse,
1205 3266 1266 3324 sive
1288 3266 1368 3342 quod

206 3374 329 3432 Caricae
355 3371 441 3427 urbes
462 3369 683 3428 Atheniensibus
709 3369 877 3438 tributariae
903 3388 1021 3427 nurnero
1041 3367 1126 3445 longe
1146 3370 1247 3447 plures
1269 3383 1370 3430 essent

205 3493 290 3552 quam
311 3472 469 3548 Lysiacae,
489 3471 548 3528 sire
569 3471 647 3547 quod
668 3490 733 3528 eum
755 3469 891 3528 Craterus
912 3469 1050 3546 loquendi
1071 3490 1152 3528 usum
1173 3480 1296 3530 secutus*
1313 3482 1369 3541 est,

204 3651 407 3665 -ss——o—nn

278 3769 300 3837 ¹)
320 3771 351 3822 V.
370 3767 506 3822 Niebuhr.
526 3770 629 3836 Opasc.
648 3767 713 3821 hist.
735 3768 745 3820 l
768 3785 794 3836 p.
814 3769 875 3824 225.
984 3767 1007 3836 ¹)
1027 3770 1059 3822 V.
1078 3769 1170 3821 Anall.
1188 3772 1272 3824 Alex.
1293 3791 1321 3842 p.
1340 3775 1365 3824 e.

206 3859 229 3927 ³)
248 3856 414 3922 Chorsgicis
433 3871 545 3924 qnoque
563 3855 749 3908 monumentis
767 3857 859 3908 locum
883 3856 1057 3910 concessisse
1077 3855 1240 3923 Craterum,
1267 3859 1365 3913 nescio

203 3963 237 3999 an
257 3943 359 3999 coniici
377 3943 466 4011 possit
485 3957 520 3994 ex
539 3942 573 3994 iis
593 3959 665 4011 quse
683 3960 706 3994 s¹
724 3959 750 3996 v,
765 3936 859 4008 Ἀτηνή
878 3961 905 4011 p.
926 3943 986 4005 tta,
1007 3943 1048 3994 10.
1067 3946 1214 4008 leguntur,
1236 3961 1311 4012 quse
1331 3963 1366 3998 ex

180 4033 259 4086 ‘alio
287 4031 425 4099 scriptore
450 4045 531 4098 quem
558 4027 676 4082 Cratero
700 4029 871 4098 Stephanum
897 4029 1013 4097 petiisse
1042 4029 1100 4082 rix*
1118 4030 1256 4083 credibile
1289 4041 1344 4086 est.

204 4117 228 4183 ⁴)
247 4119 289 4170 lta
308 4122 468 4171 constanter
486 4115 539 4168 hoc
558 4132 658 4169 nomen
677 4116 706 4168 ia
724 4116 804 4169 libris
822 4116 956 4184 scriptum
976 4117 1101 4184 reperio,
1125 4134 1208 4181 non‚-
1222 4119 1301 4186 qnod
1322 4137 1367 4172 re-

138 4237 141 4242 ·
203 4201 343 4256 centiores
362 4203 407 4257 ltic
423 4202 483 4254 illic
497 4207 609 4255 secutos
623 4202 714 4267 rideo,
733 4198 888 4274 Kprirapoc.'
900 4204 972 4254 adde
990 4202 1042 4256 hoc
1061 4205 1217 4271 exemplum
1238 4186 1275 4262 iis
1295 4224 1367 4276 qnae

204 4290 360 4355 composuit
378 4289 511 4340 Lehrsius
529 4288 614 4341 Arist.
633 4307 660 4356 p.
680 4289 741 4342 277.
784 4291 787 4298 ’
823 4287 845 4356 ⁵)
864 4291 905 4342 lte
924 4290 1007 4354 erim,
1028 4306 1083 4342 non
1101 4291 1181 4362 rpirrp
1200 4286 1241 4358 (γ’
1262 4295 1368 4360 codex)

203 4373 379 4428 scribendum
398 4393 460 4430 esse
479 4374 587 4442 petehit
606 4391 640 4427 ex
660 4374 694 4426 iis
715 4393 786 4444 quae
806 4375 878 4429 inira
897 4375 1059 4430 efferuntur.
