2902 5070
742 235 817 311 216

289 419 524 513 Γωγαρηνῆ,
558 417 679 507 χωρίον
708 415 833 501 μεταξὺ
865 411 1006 497 Κόλχων
1037 414 1093 480 καί
1122 406 1259 500 Ἰβῆρων
1292 411 1361 477 τεόν

206 543 421 615 ἀνατολικῶν.
457 540 497 609 τό
519 536 657 607 ἐθνικόν
679 543 707 602 Γ
707 530 885 624 ωχαρηνός.

290 659 418 740 Δάαι,
440 656 608 726 Σκυθικόν
629 651 741 734 ἔθνος.
788 651 852 720 εἰσί
873 652 912 720 δὲ
934 647 1087 734 νομάδες.
1128 647 1282 735 λέγονται
1305 645 1362 712 καί

207 776 323 851 Δάσαι
344 780 427 865 μετά
448 782 509 846 τοῦ
531 782 563 845 ὀ.

182 921 195 961 ⁶
292 897 491 978 Δαδίκαι,
514 892 616 973 ἔθνος
637 884 821 979 Περσικόν,
843 883 1030 976 Ἡρόδοτος
1051 880 1190 973 ἑβδόμη.

250 1080 262 1100 ,
294 1011 548 1104 Δαδόκερτα,
577 1007 739 1104 φρούριον
759 1009 844 1094 μέγα
867 1009 926 1095 τῆς
942 1001 1117 1093 Ἀρμενίας
1137 1002 1262 1086 μεταξὺ
1284 1007 1364 1090 Μη-

210 1133 296 1215 δίας.
335 1135 375 1203 τό
399 1132 535 1201 έθνικδν
556 1123 808 1215 Δαδοκερτηνός
829 1129 876 1212 τῷ
898 1121 1064 1211 ἐπιχωρίῳ
1085 1119 1191 1211 τόπῳ.

292 1249 500 1330 Δαίδαλα,
534 1245 636 1327 πόλις
663 1249 723 1334 τῆς
748 1241 878 1324 Ῥοδίας
904 1239 926 1331 ii
952 1241 1087 1330 χωρίον,
1119 1237 1278 1328 Στράβων
1307 1236 1364 1307 ιδ’.

209 1367 281 1438 ἔστι
311 1369 368 1436 καὶ
399 1362 476 1454 όρος
503 1371 562 1455 τῆς
590 1362 725 1443 Λυκίας
753 1362 796 1429 τά
823 1360 994 1430 Δαίδαλα.
1038 1355 1058 1448 ἦ
1088 1361 1127 1429 δὲ
1156 1357 1259 1440 πόλις
1292 1356 1364 1426 άπὸ

172 1521 198 1560 ιο
209 1483 388 1555 Δαιδάλου
408 1489 469 1553 τοῦ
480 1481 609 1572 Ἰκάρου
632 1478 651 1570 ἡ
676 1483 710 1550 έν
726 1479 854 1572 Λυκίᾳ.
889 1476 947 1548 διά
969 1505 1060 1560 τινος
1081 1480 1143 1568 γάρ
1166 1479 1261 1557 ἕλους
1282 1477 1364 1546 έπσ-

210 1600 324 1694 ρεόετο
341 1604 432 1692 [διά]
448 1607 510 1670 τοῦ
524 1600 632 1670 Νίνου
648 1602 814 1683 ποταμοῦ,
836 1598 893 1665 καί
913 1595 981 1667 ὑπό
1001 1595 1182 1686 χερσάδρου
1198 1597 1365 1686 δηχθέντα

210 1725 406 1812 τελευτῆσαι
443 1721 500 1788 καὶ
534 1720 602 1788 ἐκεῖ
635 1724 786 1809 ταφῆναι
822 1719 879 1785 καί
913 1699 1095 1806 κτισθῆναι
1128 1712 1231 1784 πόλιν
1265 1717 1366 1806 φησίν

206 1837 426 1930 Ἀλέξανδρος
443 1835 477 1918 ἐν
490 1842 688 1916 Λνκιακσῖς.
720 1834 792 1904 ἔστι
805 1835 862 1903 καί
873 1832 1023 1924 Ἰνδικῆς.
1054 1837 1110 1903 καί
1124 1833 1257 1925 Κρήτης
1270 1830 1365 1926 άλλη.

213 1954 231 2027 δ
260 1958 400 2046 πολίτης
426 1953 619 2035 Δαιδαλεός
652 1949 698 2033 ὡς
726 1952 910 2038 Σαμόσατα
935 1949 1164 2038 Σαμοσατεάς,
1194 1955 1251 2024 καὶ
1278 1961 1366 2024 Δαι-

175 2107 200 2146 ιε
213 2073 311 2155 δαλίς
330 2075 369 2141 τό
392 2070 552 2164 θηλυκόν.

298 2189 552 2272 Δαιδάλεια,
582 2188 683 2271 πόλις
708 2187 866 2272 Ἰταλίας,
895 2188 1074 2260 Δαιδάλου
1101 2189 1237 2276 κτίσμα,
1267 2189 1290 2281 ῆ
1316 2219 1368 2272 τις

208 2307 361 2380 Ἰουλία
382 2315 439 2377 νῦν
460 2311 620 2390 καλεῖται,
639 2305 805 2394 Ῥωμαίου
827 2304 984 2398 άρχοντος
1003 2305 1297 2399 κληρουχήσαντας.
1328 2312 1368 2379 τό

213 2427 350 2498 έθνικόν
370 2423 573 2508 Δαιδαλεός.

301 2543 577 2626 Δαιδαλίδαι,
600 2549 705 2635 δῆμος
725 2549 784 2635 τῆς
798 2544 1011 2636 Κεκροπίδας
1032 2549 1149 2637 φυλῆς.
1185 2543 1205 2615 ὃ
1224 2544 1369 2636 δημότης

175 2663 437 2756 ιυΔαιδαλίδης.
480 2665 523 2733 τά
549 2664 674 2732 τοπικά
702 2661 738 2732 ἐκ
760 2666 983 2732 Δαιδαλιδῶν
1006 2665 1057 2754 [έν
1078 2667 1299 2734 Δαιδαλιδῶν
1321 2664 1369 2748 είς

214 2786 464 2873 Δαισαιιωη

302 2907 335 2969 Δ
341 2902 452 2980 ακία,
473 2899 565 2990 χώρα
586 2899 730 2989 πλησίον
751 2901 997 2990 Βορυσθένους.
1034 2900 1068 2970 oi
1086 2909 1207 2986 Δᾶκοι,
1231 2898 1289 2986 οὓς
1309 2931 1369 2974 κα-

219 3020 341 3104 λοῦμεν
355 3017 471 3100 Δάους
494 3021 624 3112 κΓέτας
644 3021 705 3108 γάρ
726 3019 805 3100 τοὺς
826 3019 912 3108 πρός
932 3019 991 3089 τόν
1006 3018 1139 3091 Πόντον
1159 3024 1370 3108 κεκλιμένους

216 3138 274 3240 καὶ
298 3139 358 3229 τῆν
386 3139 445 3222 έω,
474 3138 590 3232 Δάους
617 3142 656 3209 δὲ
681 3138 759 3219 τούς
786 3138 872 3226 πρὸς
892 3134 1052 3208 τάναντία
1074 3141 1162 3231 πρός
1182 3140 1370 3232 Γερμανίαν

177 3290 202 3330 ιε
215 3259 272 3328 καὶ
291 3259 352 3341 τάς
372 3265 433 3328 τοῦ
451 3253 582 3348 Ἴστρου
603 3253 747 3349 πηχάς”.
794 3259 850 3326 καὶ
878 3254 957 3345 παρ’
981 3253 1144 3342 Ἀττικοῖς
1172 3263 1211 3330 δὲ
1236 3263 1280 3330 τά
1304 3268 1369 3332 τῶν

215 3374 351 3446 οἰκετῶν
373 3373 522 3463 ὀνόματα
544 3351 637 3445 Δάοι
659 3379 717 3446 καί
738 3374 855 3445 Γέται.

301 3491 505 3578 Δάλμιον,
535 3490 637 3575 πόλις
657 3491 857 3579 Δαλματίας
882 3495 1007 3579 μεταξὺ
1031 3491 1191 3584 Ἰλλυρίας
1212 3500 1269 3568 καὶ
1286 3496 1370 3569 Ἰτα-

215 3741 243 3795 3.
262 3732 385 3810 βιβλίον
404 3729 445 3812 ιβ’
466 3749 533 3797 ante
551 3729 639 3796 Δάαι
659 3735 734 3796 HR.
813 3731 921 3795 Δᾶαιλ
1005 3739 1033 3796 4.
1054 3733 1160 3797 Δάκαι
1178 3739 1257 3815 μετὰ
1277 3741 1371 3802 sotii

214 3827 409 3903 Dausqueius.
488 3835 516 3888 5.
531 3825 663 3909 ἕβδόμῃ]
685 3851 710 3889 c.
722 3835 769 3888 66.
847 3836 874 3890 6.
886 3836 914 3889 7.
930 3825 1009 3905 [καὶ]
1031 3828 1163 3907 Μηδίας
1182 3834 1370 3893 Schubartus.

214 3925 242 3980 7.
263 3915 298 3977 τό
319 3939 374 3978 oin.
395 3923 432 3980 R.
530 3926 557 3981 8.
573 3917 695 3990 Ῥοδίας
712 3923 821 4001 PpRV,
837 3917 945 3980 Ῥόδου
966 3925 1000 3981 Α.
1090 3917 1143 3998 ιδ’]
1164 3946 1194 4004 p.
1214 3929 1280 3985 651.
1302 3929 1369 3986 664.

216 4005 460 4071 11.διδεεε1.Μ.
540 4015 585 4072 14.
599 4009 730 4089 Σάμοτα
743 4009 948 4090 Σαμοτεόςλλ.
1020 4014 1369 4076 20.21.έν-Δαιδαλι·

215 4102 279 4162 δῶν
289 4103 357 4160 add.
369 4104 408 4161 M.
480 4111 527 4162 22.
539 4102 581 4179 oi]
593 4098 650 4164 οἷοι
662 4108 696 4175 V,
708 4103 768 4166 οίοῖ
776 4111 811 4167 R.
825 4129 860 4166 an
872 4102 901 4164 oi
911 4105 1113 4184 ολ[κσῦντες]λ
1181 4104 1283 4168 Δάκοι
1293 4111 1368 4168 libri.

214 4200 262 4254 23.
278 4192 310 4252 Γ
307 4189 391 4268 ίτας]
413 4198 512 4255 Verba
531 4199 681 4257 Strabonis
700 4205 720 4260 7
738 4222 770 4280 p.
790 4203 856 4259 304.
964 4196 1063 4268 Γέτας
1080 4199 1137 4276 μίν
1156 4199 1215 4280 γὰρ
1236 4197 1309 4270 τοὺς
1328 4200 1369 4270 εἷς

213 4289 329 4346 Strabo.
408 4289 525 4348 25.τοῦ
546 4309 601 4347 om.
613 4291 651 4349 R.
730 4291 780 4351 καί
801 4285 872 4368 παρ’
888 4285 1052 4367 Ἀττικοῖς]
1072 4295 1178 4352 Strabo
1194 4295 1261 4353 1.1.:
1282 4292 1367 4372 παρὰ

211 4382 277 4446 τοῖς
290 4370 439 4449 Ἀττικοῖς
459 4372 627 4442 ἐπεπόλασε
647 4381 688 4444 τά
707 4385 770 4441 τῶν
790 4381 914 4444 οἰκετῶν
933 4378 1072 4458 ὀνόματα
1092 4382 1184 4444 Γέται
1205 4384 1256 4445 καί
1275 4384 1369 4446 Δάοι.
