2902 5084
617 273 688 346 251

78 449 161 544 ειτὸν
184 451 223 521 δὲ
244 449 409 540 Μαζήνηκ
431 447 587 542 ἐπάρχειν
608 448 710 542 νησοα
739 453 830 533 τινὸς
856 459 922 522 τῶν
949 456 984 522 ἐν
1009 459 1056 544 τῷ
1078 461 1233 544 Περσικῷ

74 566 205 657 κόλπῳ,
228 570 410 637 καλεῖσθαι
430 572 469 639 δὲ
488 569 548 659 την
569 575 669 660 νῆσον
684 568 824 660 Δῶρα”.
860 568 878 641 ὸ
896 569 1056 663 νησιώτης
1071 570 1232 660 Δωρίτης,

74 681 122 767 ῶς
142 691 204 755 τοῦ
224 684 391 777 Στάγειρα
412 687 626 778 Σταγειρίτης
643 684 795 778 ’Ἀβδηρα
815 687 1020 779 Ἀβδηρίτης.
1063 687 1149 758 οὕτω
1176 690 1234 758 καί

69 796 179 892 Ὧρος.
214 803 245 873 εἰ
266 807 305 875 δὲ
324 809 371 894 τῷ
392 811 452 894 τῆς
471 804 582 896 χώρας
596 803 693 897 τόπῳ
706 812 1018 898 γαρακτηρισθῆναι
1035 811 1095 890 δεῖ,
1113 814 1233 898 Δωρη-

77 917 136 1002 νός
158 916 205 1002 ῶς
224 921 390 1014 Σωφηνός
409 920 591 1014 ’Λραξηνός
611 923 807 1014 Νιοιβηνός.
1246 951 1258 991 ε

162 1037 339 1129 Δώριον,
355 1039 457 1124 πόλις
471 1041 534 1128 μία
547 1047 613 1111 τῶν
625 1048 725 1131 τριῶν
740 1033 934 1132 ῶνὍμηρος
947 1037 1233 1139 μνημονεύειεμαί

77 1159 228 1226 Πτελεὸν
244 1161 302 1229 καί
311 1159 411 1242 Ἕλος
428 1161 484 1228 καί
498 1157 672 1251 Δώριον”.
704 1159 909 1253 Δικαίαρχος
925 1163 962 1231 δὸ
976 1164 1135 1252 τέτταρας
1151 1161 1234 1232 ταό.

74 1302 136 1358 τας
159 1272 247 1347 είναί
262 1304 355 1370 φησι,
375 1279 433 1347 καί
448 1279 608 1361 Πτελίας,
627 1275 667 1348 οὗ
682 1278 830 1349 Πτελεὸν
846 1280 907 1370 την
924 1279 1006 1366 μίαν
1022 1284 1125 1362 καλεῖ,
1148 1284 1233 1352 κατὰ

74 1396 115 1464 τὸ
127 1401 261 1486 πρῶτον
271 1402 332 1465 τοῦ
341 1394 419 1482 βίου
428 1393 657 1487 τῆςἜλλοίδος
665 1395 799 1483 βιβλίον
810 1403 894 1492 ατῶν
905 1395 935 1466 δ’
943 1399 1026 1490 ἐντῇ
1033 1399 1234 1488 Πελασγιώ.

74 1516 148 1582 τιδι
172 1511 264 1606 χώρᾳ
283 1515 445 1606 Δωριέων
466 1511 707 1584 κατοικούντων
726 1515 828 1605 μέρος
849 1541 884 1584 τι
903 1518 988 1601 μετὸι
1009 1523 1076 1585 τῶν
1103 1517 1139 1586 ἐν
1158 1524 1232 1600 ταῖς
1245 1545 1272 1584 ω

77 1629 234 1716 ἐσχάταις

77 1753 143 1816 τῶν
170 1747 219 1830 εἷς
243 1747 433 1843 Κρήτηνψ

79 1865 219 1954 λόμενον
247 1863 351 1936 αὐτοῦ
376 1894 395 1934 κ

79 2009 155 2076 ων·Ι
173 1987 234 2076 την
260 1981 365 2074 πρότε

79 2101 219 2195 Δωρίδα
248 2106 312 2172 καλ
410 2154 418 2169 .

78 2216 194 2310 ᾤκισε·
217 2247 291 2290 κατι
410 2270 418 2286 .

77 2339 213 2430 ὕστερον
240 2339 326 2425 οίμ
411 2389 420 2405 .

76 2654 106 2708 2.
127 2647 240 2725 Δῶρα]
265 2639 417 2722 Δοροίκτα
443 2655 472 2704 et
496 2640 656 2723 Δωρόκτα
679 2647 829 2705 Strabonis
854 2649 928 2705 libri.
1046 2654 1074 2707 6.
1094 2644 1234 2728 Δώριον]

77 2741 210 2799 Servavit
235 2739 266 2797 S.
291 2741 416 2817 epitome
442 2739 495 2794 sic:
525 2731 665 2814 Δώριον,
691 2731 779 2806 πόλις
802 2736 860 2812 μία
884 2739 946 2797 τῶν
970 2740 1072 2818 τριῶν.
1098 2732 1236 2818 Ὅμηρος

81 2828 156 2913 ακαί
177 2826 311 2889 Πτελεὸν
330 2828 382 2888 καὶ
396 2819 487 2896 Ἕλος
506 2825 557 2886 καί
576 2821 735 2904 Δώριον”.
760 2827 919 2900 Δοσίθεος
938 2828 970 2890 ἰν
991 2826 1071 2911 αὐτῇ
1090 2833 1129 2912 τῇ
1149 2826 1235 2892 πόλει

79 2918 176 3002 φησίν
198 2915 257 2981 ὸπὸ
280 2916 416 2998 Θαμύρα
441 2915 605 2999 εὑρεθῆναι
630 2917 687 2998 τὴν
712 2916 838 2999 Δώριον
863 2916 1021 2999 ἁρμονίαν.
1049 2919 1085 2983 τὸ
1111 2922 1236 2986 ἔθνικὸν

78 3011 204 3092 Δώριος
221 3012 272 3073 καί
289 3007 431 3092 Δωριεύς
450 3011 501 3071 καί
514 3009 645 3092 Δωριοίκ
663 3012 715 3073 καί
734 3008 874 3091 θηλυκὸν
891 3014 1050 3091 (θηλυκῶς
1062 3018 1103 3094 R)
1118 3015 1212 3097 Δωρί
1227 3061 1234 3077 .

78 3113 106 3166 6.
126 3101 213 3175 πόλις
232 3102 445 3183 [Μεσσηνίας]
465 3102 543 3181 μία]
619 3100 769 3185 Ὅμηρος]
791 3108 823 3165 ll.
844 3112 873 3176 2,
893 3109 959 3166 ⁵94.
1048 3115 1077 3168 7.
1098 3106 1236 3172 Πτελεὸν

71 3191 162 3268 Ἕλος
180 3197 232 3258 καί
253 3201 341 3269 ARV,
367 3195 503 3260 Πτελεὸν
516 3191 605 3268 Ἕλος
622 3217 655 3257 τε
675 3196 726 3256 καί
746 3199 779 3257 S.
895 3195 1059 3277 τέτταρας]
1085 3202 1150 3258 lloe
1169 3204 1234 3277 qui·

77 3293 144 3351 dem
164 3295 293 3371 ineptum
313 3301 366 3351 est.
387 3294 557 3369 suspicabar
577 3287 757 3359 Θετταλίας.
856 3298 903 3352 10.
923 3285 1018 3368 μέρος
1036 3293 1080 3364 τι]
1103 3294 1169 3373 αλλ)
1189 3293 1234 3352 hir

76 3387 171 3443 verbis
198 3403 273 3459 quae
297 3394 456 3459 sequuntur
474 3385 575 3442 mutila
595 3393 675 3454 suut,
702 3385 770 3460 quia
794 3382 895 3442 lolium
922 3402 939 3440 a
960 3401 1070 3441 nummo
1091 3384 1235 3442 adimunt

78 3478 238 3534 tiberinum
257 3486 317 3544 est,
342 3476 383 3532 ite
402 3473 581 3534 ut'extrema
600 3485 710 3534 tantum
730 3477 868 3534 linearum
889 3479 977 3536 verbe
996 3477 1161 3534 manserint.
1186 3495 1235 3536 re·

78 3586 169 3644 quero
196 3587 263 3627 vero
286 3577 354 3646 post
380 3571 539 3626 abscissum
564 3569 665 3627 folium
691 3571 799 3646 pagina
824 3571 866 3625 ric
890 3570 990 3645 incipit
1012 3559 1137 3644 γνώμην
1155 3559 1236 3643 εἶχον

76 3654 134 3735 τὴν
153 3652 298 3717 ἀποικίαν
317 3655 511 3735 ἔκπίμττειν”.
538 3663 618 3720 Haeo
630 3661 882 3729 Montefaloonius,
903 3662 952 3736 qui
972 3660 1080 3716 codici·
1094 3660 1235 3718 lectiones

76 3761 136 3809 tam
156 3750 282 3811 fideliter
300 3755 537 3831 repraesentavit,
558 3765 588 3812 ut
607 3773 756 3832 perpauca
777 3751 940 3830 supplenda
960 3751 1109 3827 reliquerit
1121 3752 1235 3810 Millero

77 3843 198 3901 Journal
219 3843 270 3902 der
291 3863 394 3904 navans
416 3850 492 3906 1838
507 3868 537 3924 p.
551 3849 616 3908 694.
635 3846 791 3904 dolendum
812 3863 878 3903 vero
899 3863 917 3902 e
936 3851 1039 3902 neutro
1060 3843 1236 3919 ringulorum

78 3953 211 3994 versuum
225 3937 432 4013 longitudinem
448 3938 602 3996 indicatam
617 3957 691 3997 erse.
769 3944 817 3996 11.
830 3929 976 4012 ἐσχάταις
991 3934 1061 4008 [rori
1077 3927 1234 4008 Ὀλίμποο

77 4025 267 4107 πορωρείαις
287 4021 454 4087 ολκοόντων
473 4029 661 4107 Πελασ]γῶν
680 4027 723 4099 είς
742 4023 872 4106 Κρήτην
892 4023 1097 4108 [ὸ]φ[ίκετο]’ἒ
1116 4025 1153 4084 de
1172 4026 1235 4083 Do·

78 4123 215 4180 rienuium
241 4123 271 4178 in
291 4123 408 4180 Cretam
433 4123 602 4199 migratione
627 4142 788 4182 sermonem
813 4141 878 4182 esee
904 4121 1028 4198 dubitari
1052 4137 1109 4176 uon
1129 4125 1235 4194 potest.

79 4211 120 4270 τί.
140 4213 285 4272 Andronis
304 4215 497 4272 testimonium
518 4215 594 4272 infre
613 4233 644 4292 p.
659 4219 725 4285 254,
745 4221 773 4275 8.
792 4215 966 4294 appositum.
1058 4210 1160 4268 14-17.
1179 4203 1237 4284 τὴν

79 4298 247 4382 πρότε[ρον
256 4301 312 4380 μὲν
324 4298 512 4382 ὸπὸΔώρον
522 4307 580 4365 τοῦ
588 4297 746 4383 Ἕλληνος]
758 4303 891 4384 Δωρίδα
903 4295 1117 4377 καλ[οομίκηνν
1133 4301 1187 4358 νῦν
1203 4295 1237 4358 δὲ

74 4391 284 4455 Ἱστιαιωτίδα
302 4394 486 4474 λεγομένην]
508 4389 599 4480 ᾤκισε
616 4395 778 4472 Κοτί[νιον
797 4393 892 4457 Βοιὸν
911 4394 961 4456 καί
978 4385 1133 4470 Ἐρινεόν]
1153 4381 1236 4450 {lure-
