2894 5062
606 249 685 324 267

65 426 200 524 ματρός.
248 426 267 502 ὃ
297 429 438 524 πολίτης
463 428 656 516 Ἑλικῶνιος
686 431 758 505 aino*
790 439 851 504 τοῦ
880 439 1015 506 κτιστοῦ
1038 430 1227 518 Ἑλικῶνος,

67 555 125 623 καλ
151 549 330 622 Ἑλικωνίσι
358 554 398 622 τὸ
429 551 588 641 θηλυκόν.
633 553 715 635 ἴσως
745 555 783 625 δὲ
810 560 909 625 τοῦτο
939 553 1010 626 ἀπὸ
1039 561 1100 626 τοῦ
1129 551 1227 646 ίίρους

66 674 211 765 μέμονεν.
256 668 341 742 ἔστω
373 667 432 742 οῦν
456 671 622 756 Ἑλικεῦς,
657 669 678 762 ἢ
704 670 930 765 Ἑλικωνίτης·
960 674 1043 757 ἴσως
1070 673 1142 746 aina
1168 681 1229 744 τοῦ

63 790 274 874 Ἑλικῶνιος·
299 787 536 883 ἢἙλικήσιοι.
572 793 657 884 [ἔστι
679 794 735 862 καί
758 787 843 884 <lala
867 794 1076 886 &rnnlwffl

150 910 328 998 Ἑλιμία,
361 909 464 996 πόλις
498 910 733 994 Μακεδονίας,
770 910 929 1002 Στράβων
961 913 1105 1006 ἑβδόμῳ.
1156 914 1253 986 niueis

64 1028 210 1118 Ἐλύμου
231 1035 291 1101 τοῦ
313 1029 422 1126 ἥρωος
446 1028 466 1125 ἢ
489 1029 560 1103 ἀπὸ
577 1029 714 1106 Ἑλένου
736 1027 758 1124 ἢ
780 1029 851 1104 ciani
871 1032 996 1121 Ἔλῦμα
1017 1041 1078 1106 τοῦ
1103 1045 1228 1127 Τυρρη-

69 1158 136 1222 νῶν
168 1152 347 1239 βασιλέως.
390 1154 429 1222 τὸ
463 1153 601 1223 ἐθνικὸν
628 1149 836 1244 Ἐλιμιῶτης.
874 1151 1096 1247 Ἀλέξανδρος
1129 1155 1162 1226 δ’
1195 1158 1229 1227 ἐν

69 1269 444 1365 ΕῦρώπῃἙλίμειον
466 1272 563 1364 φησί,
586 1274 646 1342 <lari
659 1279 789 1364 μακροῦ
809 1275 870 1365 τὴν
889 1281 947 1360 ρἰἐι
969 1275 1148 1368 συλλαβήν,
1170 1279 1229 1368 τὴν

71 1395 110 1464 δὲ
132 1379 172 1462 l]
190 1391 249 1461 διὰ
270 1394 412 1484 βραχέος
432 1397 493 1462 τσῦ
514 1396 540 1461 l.

147 1507 322 1593 Ἑλινοι,
347 1510 449 1593 ἔθνος
463 1509 710 1601 Θεσπρωτικόν,
729 1508 859 1594 Ῥιανὸς
873 1511 904 1583 δ’
918 1518 1145 1586 Θεσσαλικῶν.
1172 1519 1229 1587 καὶ
1242 1547 1269 1587 ω

67 1630 224 1704 Ἑλινία
239 1629 259 1722 ἡ
274 1628 375 1722 χῶρα.
399 1630 471 1703 ἔστι
485 1633 542 1703 καί
552 1631 707 1715 Σικελίας
722 1629 833 1714 πόλις.
855 1635 894 1701 τὸ
909 1631 1047 1704 ἐθνικὸν
1059 1634 1229 1719 Ἐλινῖνος.

154 1751 355 1835 Ἑλίξοια,
391 1758 491 1844 νῆσος
515 1750 764 1842 Ὑπερβορέων,
798 1750 857 1822 οῦκ
886 1752 1038 1824 ε’λσίσσων
1065 1755 1229 1840 Σικελίας,

71 1873 159 1964 ίπὲρ
181 1877 338 1958 ποταμοῦ
353 1871 573 1962 Καραμβιίκα.
609 1871 642 1942 ολ
657 1879 819 1963 νησιῶται
834 1880 1059 1964 Καραμβῦκαι
1082 1871 1153 1948 ἆπό
1171 1882 1231 1946 τοῦ

72 1998 240 2080 ποταμοῦ,
264 1988 311 2076 ῶς
327 1989 502 2074 Ἑκαταῖος
525 1989 544 2062 ὁ
561 1989 767 2084 Ἀβδηρίτης.

155 2110 377 2196 Ἑλίουκσι,
399 2110 502 2195 ἔθνος
523 2109 672 2202 Λιγύων,
691 2109 866 2196 Ἑκαταῖος
886 2109 1048 2205 Εὐρώπῃ.
1244 2150 1269 2192 1⁵

70 2336 275 2350 m

72 2487 101 2542 1.
116 2474 306 2556 Ἑλικοῦντος]
332 2481 476 2558 Cogitavit
497 2479 534 2540 de
553 2481 690 2560 Neptuno
707 2475 872 2562 Ἑλικωνίῳ
894 2482 973 2562 apud
994 2484 1110 2542 Homer.
1131 2484 1165 2541 ll.
1185 2489 1233 2552 20,

72 2576 142 2636 404.
170 2577 251 2634 cuias
271 2595 355 2634 sacra
376 2577 444 2652 quin
465 2575 503 2632 ad
523 2575 643 2640 Helicen
664 2575 818 2632 Achaicam
839 2576 1001 2634 revocanda
1022 2579 1080 2634 rint
1100 2597 1157 2634 non
1179 2576 1233 2634 du-

73 2668 223 2729 bitandum
244 2678 296 2727 est.
325 2667 395 2725 dixit
420 2669 457 2727 de
482 2668 527 2726 his
553 2667 772 2727 formationibus
793 2668 903 2727 Alrrens
924 2663 1002 2726 Dial.
1024 2669 1104 2727 Aeol.
1126 2689 1155 2747 p.
1178 2673 1234 2731 159

72 2771 103 2823 et
128 2763 256 2822 Lobeck.
282 2761 397 2822 Patlrol.
424 2783 454 2842 p.
474 2764 542 2822 429.
569 2781 625 2819 nec
650 2771 746 2819 tannen
773 2762 942 2820 incredibile
969 2771 1026 2832 est,
1055 2783 1109 2841 pro
1130 2757 1233 2840 Ἑλίκη

73 2858 233 2934 antiquitus
254 2857 340 2914 etiam
356 2849 485 2914 Ἑλικών
505 2857 611 2914 dictnrn
630 2855 736 2922 luisse,
762 2864 793 2912 nt
817 2867 863 2914 est
886 2858 917 2914 in
939 2857 1055 2916 Homer.
1076 2857 1104 2914 11.
1126 2863 1180 2926 21,
1201 2863 1233 2917 3:

74 2941 148 3009 ὅσθ’
164 2944 315 3008 Ἑλικῶνα
336 2945 386 3007 καλ
407 2941 526 3027 εὐρείας
545 2942 604 3024 λ’χει
624 2939 741 3024 Αίγιλς,
770 2950 817 3006 ubi
839 2943 961 3027 Ἑλίκην
980 2969 1012 3009 τε
1033 2953 1176 3009 scribebat
1197 2953 1234 3009 H.

75 3043 114 3102 cf.
135 3044 252 3120 Berglrii
274 3043 397 3103 Observ.
419 3044 480 3100 crit.
502 3044 520 3101 4
540 3063 570 3121 p.
591 3046 619 3100 6.
724 3043 780 3100 τοῦ
800 3043 926 3101 κτιστοῦ
946 3044 981 3112 R,
1007 3040 1133 3102 κτίστου
1154 3045 1215 3102 AV.

73 3139 103 3198 4.
124 3131 188 3198 iim
208 3133 260 3196 καί
281 3127 358 3211 ἄλλη
382 3127 553 3213 Θετταλική
574 3134 642 3194 add.
663 3136 690 3192 H
711 3155 747 3194 ex
767 3136 917 3194 Eustatlrio
939 3137 958 3194 Ι.
975 3137 993 3194 l.
1072 3140 1101 3196 5.
1115 3130 1236 3210 Ἐλιμίιι

73 3231 114 3299 Μ,
138 3222 276 3308 Ἐλίμξια
296 3231 331 3298 R,
353 3223 489 3305 Ἐλίμεια
510 3229 572 3287 AV.
679 3221 817 3310 ἑβδόμῳ]
839 3249 868 3308 p.
891 3233 957 3288 326.
979 3229 1026 3287 ubi
1047 3229 1112 3286 libri
1131 3223 1236 3302 Αίμίσι

73 3323 190 3391 habent,
211 3323 290 3400 quod
306 3316 429 3396 Ἐλιμία
448 3324 544 3401 polius
566 3342 651 3399 quarn
669 3315 805 3397 Ἐλίμειιι
826 3322 1019 3383 scribendum.
1132 3324 1160 3378 6.
1181 3321 1236 3378 τοῦ

77 3408 208 3494 Τρωῦςλ
234 3416 272 3476 cs.
293 3417 391 3474 Strab.
411 3420 447 3474 13
467 3435 497 3494 p.
519 3420 585 3476 606.
703 3405 722 3490 ἢ
744 3408 805 3476 ἀπὸ
827 3410 950 3475 Ἑλίνου
978 3416 1035 3476 (λεί.
1056 3415 1177 3474 Pinedo.

72 3512 102 3570 7.
121 3501 302 3586 Ἐλιμιῶτης
313 3510 348 3578 R,
366 3501 562 3587 Ἕλιμειιίτης
572 3511 634 3568 AV.
656 3509 694 3567 cs.
707 3509 842 3586 Thucyd.
855 3517 883 3578 2,
901 3517 947 3570 99.
969 3511 1016 3570 ubi
1036 3509 1132 3569 editur
1148 3503 1236 3568 Ἐλει·

72 3595 200 3681 μιαίτης,
223 3603 302 3682 quod
322 3603 419 3660 malim
436 3594 623 3678 Ἐλιμιῶτης
642 3604 738 3671 scribi,
759 3612 789 3659 ut
809 3604 889 3682 apud
908 3605 1019 3662 Arrian.
1040 3605 1093 3662 An.
1115 3609 1142 3674 1,
1162 3609 1189 3674 7,
1207 3608 1236 3663 5.

73 3701 102 3758 8.
113 3701 166 3774 aa
184 3698 218 3768 X,
237 3694 313 3773 μίαν
334 3697 408 3754 libri.
487 3701 514 3756 8.
525 3701 553 3756 9.
567 3692 623 3773 τὴν
636 3691 663 3754 ‹l’
679 3694 761 3756 ἓλίσυ
782 3693 834 3754 «leri
855 3698 929 3755 libri.
951 3699 1074 3755 correxit
1089 3698 1237 3767 Gavelius,

75 3790 154 3867 quod
174 3792 343 3868 ignorabam
363 3789 457 3846 Anall.
468 3789 548 3849 Alex.
562 3811 591 3868 p.
603 3792 670 3850 374.
750 3795 797 3848 10.
816 3783 930 3846 Ἐλινοί
946 3790 978 3848 S.
1058 3795 1104 3848 11.
1123 3785 1237 3850 Ἕλινίιι

73 3883 155 3961 PpR,
171 3876 292 3940 Ἑλινία
312 3884 374 3941 AV.
464 3875 607 3958 ποταμός
627 3884 662 3942 R.
757 3875 904 3951 Ἐλινΐνος
923 3885 958 3952 R,
988 3876 1136 3952 Ἐλινῖνσς
1154 3885 1217 3942 AV.

75 3981 123 4036 12.
140 3970 370 4054 Ὑπερβορείων
394 3976 431 4034 R.
458 3995 516 4034 non
542 3977 731 4056 improbabile
757 3977 847 4056 rideri
873 3986 969 4053 potest
993 3977 1143 4036 Elimeam
1172 3997 1237 4037 erse

75 4070 259 4148 peninsulam
279 4069 488 4137 Jiitiandicam,
514 4077 543 4128 et
565 4069 772 4148 Carambycarn
792 4071 909 4128 flurium
930 4089 987 4128 non
1009 4070 1151 4130 diversum
1172 4091 1237 4130 εσσε

76 4166 114 4222 ab
135 4182 171 4220 eo
194 4181 279 4239 quem
299 4161 387 4220 hodie
407 4161 543 4220 Eiderarn
564 4163 673 4221 dicunt.
777 4170 823 4224 13.
844 4156 903 4221 viai
925 4164 999 4222 libri.
1096 4165 1239 4238 ποταμοῦ

74 4255 140 4325 RV,
159 4254 291 4334 ποταμῷ
311 4257 345 4312 A.
424 4249 623 4332 Κοραμβῦκα
639 4257 674 4314 V.
725 4297 728 4304 -
753 4249 965 4337 Καραμβῦκαι
977 4258 1013 4325 V,
1033 4251 1239 4332 Κεραμβῦκαι

73 4347 137 4407 AR.
236 4350 343 4408 13.14.
364 4339 501 4407 ἀπὸτοῦ
522 4350 665 4426 ποταμοῦ
685 4350 754 4409 add.
775 4351 811 4409 R.
909 4355 957 4410 15.
975 4343 1127 4408 Ἑλίκυσσι
1147 4349 1179 4407 S.
