2902 5070
603 255 677 332 235

147 433 352 516 Δοίαντος
380 432 499 504 πεδίον
532 434 688 526 Φρυγίας.
725 431 873 521 ’Άκμονα
900 437 963 526 γάρ
990 438 1047 506 καί
1070 433 1220 506 Δοίαντά

61 578 167 645 φασιν
189 550 368 644 ἀδελφούς,
392 549 451 643 ἀφ’
476 543 522 622 ὦν
541 555 581 624 τὰ
603 551 804 625 Δοιύνιιιον
826 554 883 624 καί
901 551 1077 642 Ἀκμόνιον
1102 548 1200 643 ύλση.

149 670 390 757 Δοκίμειον,
414 668 517 754 πόλις
542 671 697 764 Φρυγίας,
721 669 768 755 ὦς
788 670 979 758 Εὐδαίμων.
1022 675 1062 744 τό
1085 674 1222 744 ἕθνικόν

61 787 232 877 Δοκιμεύς
260 794 345 860 κατὰ
374 792 502 880 τέχνην,
537 791 620 860 κατὰ
651 793 689 860 δὲ
715 792 775 880 τῆν
807 790 992 881 συνήθειαν
1021 791 1220 884 Δοκιμηνός,

61 907 121 1002 ἀφ’
147 901 187 980 οὗ
209 911 250 979 τὰ
271 908 432 1000 μύρμαρα
455 909 541 980 ούιω
569 907 665 1000 φασί.
1233 935 1247 974 s
1277 955 1287 972 .

150 1037 184 1098 Δ
190 1028 310 1116 όλβα,
332 1027 436 1111 πόλις
455 1033 515 1119 τῆς
529 1025 740 1117 Ἀδιαβηνῆς,
758 1025 933 1118 Ἀρριανὸς
954 1026 998 1117 ιγ’
1020 1035 1220 1120 Παρθικῶν.

62 1148 102 1217 τό
126 1148 265 1218 ἔθνικδν
286 1151 458 1234 Δολβαῖος
479 1148 536 1216 καί
558 1142 742 1233 Δολγληνός.

151 1265 367 1350 Δολίονες,
385 1265 418 1336 ολ
433 1267 493 1357 τῆν
506 1262 651 1349 Κύζικον
666 1262 842 1348 οἰκοῦντες,
858 1255 917 1348 ούς
931 1271 965 1335 Δ
971 1267 1113 1350 ολιὲας
1128 1262 1223 1340 εἶπεν

59 1382 247 1467 Ἑκαταῖος.
281 1387 436 1476 λέγονται
457 1385 513 1454 καί
536 1391 569 1455 Δ
575 1380 776 1468 ολιύνιοι,
797 1386 853 1454 καὶ
875 1388 1031 1474 θηλυκῶς
1044 1389 1222 1459 Δολιονία.

153 1505 322 1595 Δολίχη,
344 1510 445 1596 νῆσος
466 1503 553 1594 πρός
573 1507 616 1593 τῇ
637 1499 768 1594 Λυκίᾳ,
792 1499 839 1586 ὥς
860 1505 1089 1594 Καλλίμαχος.
1125 1504 1222 1580 ’AM-
1235 1538 1262 1580 ω

68 1623 210 1712 ξανδρος
237 1625 273 1695 ἐν
297 1629 345 1714 τῷ
365 1621 499 1704 Λυκίας
526 1621 682 1713 περίπλῳ
704 1621 952 1712 Δολιχίοτην
978 1623 1083 1717 αύτῆν
1109 1653 1222 1719 φησιν.

68 1738 140 1812 ἔστι
162 1744 219 1814 καί
239 1741 517 1834 Δολίχη’πόλις
537 1745 597 1830 τῆς
617 1745 854 1830 Κομμαγηνῆς.
889 1743 1027 1816 ἐθνικδν
1042 1749 1225 1831 Δολιγαίυς

69 1859 172 1943 Ζεύς·
196 1861 229 1932 οἱ
251 1861 284 1932 δ’
307 1858 485 1952 ἐπιχώριοι
507 1858 690 1950 Δολιχηνοί
711 1861 876 1950 λέγονται.
908 1867 968 1953 τῆς
989 1865 1027 1933 δὲ
1048 1868 1226 1953 Λυκιακῆς

69 1979 216 2071 Δολίχης
235 1979 409 2065 Δολιχιύς.
453 1977 556 2070 ὁγὰρ
577 1975 683 2061 τύπος
705 1978 855 2069 συνήθης
874 1987 944 2063 τοῖς
965 1983 1122 2067 Λυκίοις.
1165 1990 1225 2076 τῆς

69 2101 108 2169 δι’
129 2099 330 2190 Δολιχίστης
350 2094 579 2183 Δολιχιστεύς.
1204 2143 1264 2183 1,

154 2217 378 2308 Δόλογκοι,
409 2215 510 2298 ἔθνος
534 2214 678 2307 Θρᾴκης,
702 2214 773 2288 δπδ
796 2217 972 2310 Δολόγκου
992 2249 1053 2293 τον
1037 2219 1227 2316 ’ἀδελφοῦ

71 2342 235 2410 Βιθυνοῦ.
277 2339 317 2408 τό
346 2335 485 2408 ἓθνικὸν
511 2333 699 2424 Δολόγκιος
726 2364 784 2406 και
775 2338 996 2432 Δολογκιύς
1016 2371 1071 2414 και
1064 2345 1226 2438 Δολογ-

72 2455 200 2547 κιύδης.

154 2575 361 2658 Δόλοπες,
391 2573 493 2660 ἔθνος
516 2577 698 2645 Θεσσαλῶν
724 2569 873 2662 ἔγγιστα,
901 2576 973 2650 ἀπὸ
996 2579 1168 2666 Δόλοπος.
1205 2583 1226 2677 ἡ

69 2692 163 2785 χώρα
184 2691 375 2765 Δολοπία
401 2692 458 2762 καί
479 2689 704 2780 Δολοπηίς.
1239 2740 1267 2778 ω

160 2811 508 2898 Δομιτιούπολις,
527 2809 692 2901 Ἰσαυρίας
714 2809 826 2893 πόλις.
862 2808 881 2881 ὁ
904 2814 1045 2907 πολίτης
1060 2824 1228 2906 Δομαιιο.

73 2928 228 3021 πολίτης.

157 3050 381 3136 Δονουοία,
415 3055 515 3141 νῆσος
545 3049 647 3141 μικρδ
674 3044 808 3131 Ῥόδον,
846 3049 894 3132 εἷς
923 3046 964 3142 ῆν
994 3054 1164 3142 Διόνυσος
1193 3063 1230 3132 ἐκ

73 3167 192 3252 Νάξου
206 3171 267 3262 τῆν
282 3166 460 3262 Ἀριάδνην
475 3164 683 3257 μετεκόμισε,
706 3173 767 3239 τοῦ
788 3171 917 3262 πατρὸς
931 3171 1033 3244 Μίνω
1050 3175 1230 3262 διώκοντος

73 3406 278 3424 -υ-ιι-η

74 3559 103 3614 1.
122 3550 278 3626 Δοίαντος
296 3559 360 3628 RV,
378 3553 583 3626 Δοίαντιςλ.
680 3561 709 3614 2.
729 3552 764 3615 τὸ
785 3531 849 3642 RV,
874 3567 960 3622 τεΛ.
1049 3561 1232 3631 Δοιάντειον

75 3665 111 3733 R,
130 3657 299 3723 Δοιαντιον
311 3668 373 3725 AV
445 3660 614 3744 Ακμωνιον
626 3667 687 3734 AV
701 3625 933 3742 ἈκμιύνειονΒ.
1012 3681 1040 3734 3.
1052 3675 1136 3738 Δοκ
1131 3683 1231 3756 μειον]

75 3757 153 3817 vide
172 3759 257 3818 adv.
278 3751 434 3820 Σύνναδα.
534 3763 562 3818 8.
580 3752 767 3835 Ἀδιαβηνῆς
786 3762 823 3829 V,
841 3753 1018 3842 Ἀδαβηνῆς
1034 3771 1071 3839 R,
1089 3764 1233 3850 Ἀβιαδη·

77 3850 186 3926 νῆςλ.
276 3857 305 3911 8.
327 3847 356 3911 οἶ
377 3851 473 3933 [περί]
494 3848 606 3929 τῆνΒ.
694 3850 849 3922 Δολιαίας
867 3856 904 3916 Β.
991 3865 1019 3920 9.
1039 3861 1179 3940 θηλυκόν
1196 3869 1232 3926 R.

75 3938 228 4002 Δολιονία
247 3945 311 4014 RV,
329 3943 468 4004 Δολονλα
488 3948 521 4004 A.
619 3949 666 4004 10.
686 3939 807 4022 Δολιχῆ
827 3948 921 4026 vulgo.
1018 3954 1233 4035 Καλλίμαχος]

75 4035 163 4096 Dian.
185 4041 251 4116 187ἓ
348 4043 395 4098 12.
416 4033 481 4098 ἔστι
501 4033 552 4096 καί
571 4031 666 4108 RV,'
655 4033 721 4096 ἔστι
740 4035 774 4098 δι’
794 4036 898 4101 καίλ.
986 4041 1108 4126 Δολιχή
1127 4052 1233 4110 Hiero·

77 4147 179 4204 αγπιαι
210 4103 508 4207 8γτί1ι,Δολιχηνη’
538 4131 576 4199 A,
607 4125 756 4208 Δολιχινῆ
785 4134 822 4193 R.
945 4143 991 4198 13.
1018 4135 1160 4217 λίγυυσιλ

77 4223 127 4280 21.
136 4225 184 4280 22.
203 4218 487 4298 Δομιτιουιιολίτης
511 4223 547 4282 R.
664 4229 712 4284 23.
734 4223 895 4286 Δονονσία
926 4249 963 4289 ex
987 4223 1136 4291 Δόνονσα
1161 4232 1235 4310 (Δο-

79 4312 212 4380 νοῦσσα)
244 4324 424 4392 corruptum,
455 4314 563 4374 editum
594 4325 688 4374 tamen
713 4326 791 4375 tenet
816 4321 903 4380 etiam
928 4323 1059 4382 Eustath.
1085 4325 1124 4381 ad
1148 4327 1234 4386 Dion.

79 4403 145 4462 Per.
166 4409 234 4464 530.
346 4407 393 4466 24.
415 4399 522 4478 Νάξου
544 4409 580 4478 X,
605 4401 701 4468 νάσου
722 4411 795 4470 libri.
