2888 5084
623 227 696 314 103

78 423 134 506 τῆς
151 415 279 486 Ῥωσσῖι
297 414 443 500 Ῥιίσιος,
468 415 489 508 ἢ
510 419 593 510 ὅπερ
617 417 754 506 άμεινον
777 431 951 506 Παισίνος,
980 427 1038 494 διά
1059 433 1120 495 τοῦ
1143 429 1157 491 ῖ
1179 430 1236 496 καλ

78 537 344 623 περισπωμένως
364 543 413 627 τῷ
433 535 510 607 ι’ίθει
530 545 590 629 τῆς
608 537 729 631 χώρας.

154 651 379 739 Ἀπάμεια,
408 655 530 744 Συρίας
557 656 675 741 πόλις,
706 659 777 731 άπδ
800 658 957 747 Ἀπάμας
983 668 1044 752 τῆς
1067 659 1232 731 Σελεύκου

73 769 208 862 μητρός.
244 771 373 864 ἐκλήθη
394 777 451 845 καί
472 774 684 866 Χερρόνησος
707 775 778 848 άπὸ
800 785 860 869 τῆς
880 785 1039 869 περιοχῆς
1058 785 1125 848 τῶν
1146 778 1230 850 ὑδά-

73 917 152 972 των,
182 893 242 961 καί
263 895 382 962 Πέλλα
411 893 483 966 άπδ
511 903 571 986 τῆς
598 895 633 967 ἐν
655 898 866 989 Μακεδονίᾳ.
911 897 982 967 ἔστι
1011 901 1068 967 καί
1088 893 1173 986 άλλη
1194 899 1255 968 έντ

73 1017 113 1101 τῇ
135 1017 304 1100 Μεσηνιδν
332 1019 375 1104 γῇ
407 1021 478 1108 ατῷ
500 1016 643 1105 Πίγρητι
671 1018 907 1105 περιεχομένη,
936 1018 971 1087 ἐν
996 1008 1022 1108 ᾖ
1043 1013 1229 1100 σχίζεταιδ

73 1130 200 1219 Πίγρης
222 1129 386 1216 ποταμός,
409 1137 466 1203 καί
487 1132 523 1203 ἐν
536 1137 598 1218 μίν
611 1139 653 1226 τῇ
667 1137 763 1227 δεξιᾷ
777 1135 880 1228 μοίρᾳ
894 1136 1106 1224 περιέρχεται
1121 1161 1228 1204 ποτα-
1316 1177 1320 1184 -

71 1250 132 1332 μδς
146 1251 285 1332 Σέλλας,
308 1251 343 1320 ἐν
360 1253 399 1322 δὲ
414 1257 456 1342 τῇ
471 1248 628 1345 ἀριστερᾷ
645 1254 780 1343 Πίγρης,
804 1251 979 1340 ὁμώνυμος
993 1259 1042 1343 τῷ
1054 1249 1226 1343 μεγάλην”.

71 1368 110 1434 τά
138 1366 263 1437 ἔθνινά
291 1370 535 1462 Χερρονησίτης
564 1374 620 1441 καὶ
647 1376 818 1454 Πελλαῖος
846 1374 903 1443 καί
927 1368 1109 1456 Ἀπαμεύς.
1153 1369 1226 1440 ἔστι

72 1487 124 1554 καί
145 1490 207 1575 τῆς
226 1493 347 1577 μικρᾶς
368 1490 522 1578 Φρυγίας,
547 1489 567 1580 ἥ
588 1518 640 1572 τις
661 1492 809 1561 ἐκαλεῖτο
826 1489 1003 1560 Κελαιναί.
1037 1492 1079 1561 τά
1103 1491 1223 1560 έθνιιιά
1237 1509 1264 1560 ιο·

72 1604 270 1695 Κελαινίτης
293 1609 375 1696 [null
393 1605 575 1692 Ἀπαμεύς.
609 1607 680 1678 ἔστι
702 1613 759 1678 καί
780 1609 956 1690 Βιθυνίας,
979 1608 1099 1693 κτίσμα
1119 1619 1225 1678 Νικο-

69 1720 195 1810 μήδους
224 1731 286 1793 τοῦ
309 1724 532 1817 Ἐπιφανοῦς,
563 1726 712 1796 ἐκαλεῖτο
744 1731 782 1798 δὲ
811 1732 945 1818 πρῶτον
972 1725 1141 1814 Μάρλεια.
1184 1727 1224 1795 τδ

70 1838 206 1910 ίθνινδν
229 1842 440 1930 Μυρλεανός.
485 1844 556 1915 ἔστι
583 1847 641 1915 ναί
667 1852 726 1936 τῆς
746 1845 935 1934 Περσαίας,
961 1843 1117 1932 Ἐδέσσης
1137 1845 1224 1935 πρὸς

68 1953 217 2050 άρντονς.

146 2077 414 2164 Ἀπασιάκαι,
445 2089 678 2172 Μασσαγετῶν
707 2081 819 2166 ἔθνος.
863 2081 1022 2172 Στράβων
1052 2078 1259 2172 ένδεκάηη,ἰτ

67 2201 121 2268 καὶ
142 2197 317 2285 Πολύβιος
345 2199 466 2292 δεκάτη
495 2201 553 2296 ς(ολ
574 2201 607 2271 δ’
631 2199 839 2272 Ἀπασιάιιαι
861 2201 1005 2289 νομάδες
1026 2205 1221 2270 κατοικοῦσι

65 2321 124 2404 μὲν
146 2315 211 2387 α’νά
232 2319 337 2403 μέσον
350 2314 453 2401 Ὦξον
474 2322 530 2389 καλ
555 2317 760 2401 Τανάιδος”.

145 2434 417 2524 Ἀπάτουρον,
446 2439 485 2506 τὸ
513 2443 573 2527 τῆς
596 2436 798 2530 Ἀφροδίτης
825 2439 914 2531 ίερδν
935 2441 970 2510 έν
995 2437 1217 2530 Φαναγορείᾳ,

66 2555 224 2649 Στράβων
247 2553 405 2648 ἑνδεκάτη
428 2558 690 2651 ((ἕτυμολογοῦσι
713 2561 752 2628 δὲ
773 2559 889 2640 οὕτως.
923 2559 1137 2644 ἐπιθεμένων
1152 2559 1221 2626 ἐκεῖ

63 2775 267 2790 ffl

65 2919 91 2970 1.
102 2905 315 2982 ‘Po5oovslibr1
394 2903 445 2964 διὰ
455 2909 512 2966 τοῦ
525 2910 551 2982 ῑ]
568 2911 631 2966 Hoc
643 2909 713 2966 dixit
724 2919 843 2988 propter
855 2901 1049 2985 Άνιαισηνός,
1066 2925 1119 2966 nee
1130 2908 1216 2966 scribi

63 3005 164 3062 debuit
184 2998 236 3060 διά
255 3002 312 3060 τοῦ
331 3001 358 3059 ν.
447 3005 475 3059 3.
497 2991 670 3075 άπδἍμας
689 3004 724 3070 R,
744 2995 806 3062 άπὸ
826 2996 926 3077 άμοῦς
944 3004 980 3061 V.
1077 3004 1105 3058 3.
1116 3000 1144 3057 4.
1166 2996 1216 3056 Σε-
1269 2989 1273 3000 “

62 3089 173 3153 λιίκου
198 3084 362 3171 γυναικίςλ
390 3093 428 3152 cs.
455 3095 560 3150 Strabo
587 3099 623 3152 16
648 3097 765 3171 [1719.
796 3105 825 3152 et
851 3096 975 3172 Appian.
1000 3095 1065 3167 Syr.
1086 3097 1133 3150 57.
1162 3093 1216 3148 nisi

62 3187 212 3264 scriptoris
240 3205 321 3244 error
345 3186 443 3242 subest
468 3187 622 3243 consimilis
647 3189 766 3245 Liviano
788 3187 920 3262 (38,13)
946 3189 1092 3263 Apameae
1113 3203 1217 3240 nomen

61 3283 98 3338 ab
113 3283 227 3356 Apama
246 3277 393 3335 Seleuci
414 3295 537 3335 sorore
559 3279 678 3336 inditum
693 3279 824 3348 dicentis,
844 3281 893 3336 ubi
913 3296 1022 3335 uxore
1043 3275 1196 3348 corrigunt.

60 3379 89 3432 6.
110 3371 291 3447 Μεσσηνιῖιν
316 3367 419 3427 HRV.
450 3389 525 3446 quae
552 3383 711 3448 sequuntur
734 3373 847 3430 Arriani
875 3392 939 3432 esse
969 3369 1100 3448 suspicor
1130 3366 1215 3424 etiam

60 3476 184 3546 propter
208 3463 328 3520 sormam
349 3457 483 3538 Πίγρης,
513 3483 587 3538 quae
614 3473 675 3520 utut
701 3466 801 3522 vitiosa
826 3467 854 3522 in
880 3465 1006 3542 antiquis
1027 3462 1138 3520 Arriani
1164 3479 1215 3517 ex-

59 3557 238 3635 emplaribus
259 3555 426 3634 frequenter
445 3555 603 3630 legebatur.
627 3575 651 3614 v.
672 3555 803 3615 Eustath.
825 3557 861 3614 ad
882 3559 969 3616 Dion.
990 3561 1056 3617 876.
1160 3548 1216 3609 Hl-

58 3669 148 3727 γρητι
169 3647 234 3715 RV,
257 3642 383 3723 Τίγρητι
403 3649 437 3704 Α.
522 3651 550 3705 7.
571 3644 692 3724 Πίγρης
710 3649 773 3718 RV,
797 3647 911 3726 Τίγρης
929 3652 963 3707 Α.
1049 3653 1077 3707 8.
1099 3641 1215 3712 Σέλλας

59 3745 96 3812 V,
117 3737 219 3808 Σίλας
237 3741 273 3808 R,
292 3735 395 3808 Δέλας
414 3743 448 3798 Α.
527 3737 648 3817 Πίγρης
660 3739 724 3809 RV,
748 3737 863 3817 Τίγρης
874 3743 906 3798 Α.
984 3734 1147 3815 ὁμώνυμος
1160 3739 1214 3815 Pp,
1295 3782 1301 3794 .

56 3826 233 3910 ὁμωνύμως
253 3833 341 3889 ARV.
420 3838 467 3890 10.
487 3826 621 3908 μεγάλης
639 3853 693 3910 pro
711 3834 825 3910 μικρᾶς
843 3834 879 3890 Β.
963 3839 1010 3892 11.
1031 3827 1215 3906 Κελαινίτης

58 3931 95 3986 V.
176 3921 229 3983 καί
249 3923 372 3981 οδδ.Μ.
451 3929 497 3982 12.
519 3918 653 4002 Μάρλια
674 3925 748 3983 libri.
827 3931 873 3986 13.
887 3921 1027 3998 Περσίας
1045 3925 1215 3992 Salmasius,

58 4023 107 4100 qui
135 4021 263 4078 debehat
288 4011 453 4092 Περσίδος.
484 4014 679 4093 Παρθυαίας
699 4019 735 4075 Η.
766 4016 833 4076 fort.
855 4014 984 4096 περαίας
1009 4038 1050 4076 se.
1077 4015 1133 4074 τοῦ
1159 4007 1214 4071 Εὐ·
1255 4043 1257 4050 s

58 4108 194 4192 ηράτον.
215 4110 254 4167 cs.
277 4109 382 4166 Strabo
403 4114 439 4166 16
460 4129 490 4187 p.
510 4109 577 4168 718.
695 4106 854 4186 Αίδέσσης
873 4113 908 4179 R,
930 4105 1056 4186 Ἕδίσης
1077 4109 1137 4166 AV.

59 4213 105 4268 15.
125 4197 289 4280 ἑνδεκάτη]
310 4222 340 4280 p.
354 4205 420 4261 513.
499 4207 545 4259 16.
568 4195 693 4280 δεκάτῃ]
715 4221 740 4261 c.
754 4204 802 4262 48.
824 4203 871 4260 ubi
885 4197 1091 4262 Ἀσπασιάκαι
1112 4200 1216 4276 legitur

57 4311 86 4356 ει
106 4289 242 4372 νομάδες
262 4314 318 4352 om.
405 4299 450 4354 17.
464 4287 559 4362 Ὦξον
580 4295 680 4362 P·RV,
693 4287 784 4363 Ἄξου
805 4297 837 4364 1,
851 4288 945 4365 Ὄξου
965 4297 1002 4354 X.
1080 4289 1131 4352 καί
1155 4291 1215 4348 Ta·

57 4383 164 4458 νάιδος
186 4387 254 4445 add.
276 4387 323 4445 Pfl.
419 4391 463 4446 18.
488 4383 667 4468 Φαναγορίη
689 4387 761 4444 libri.
847 4393 893 4447 18.
915 4380 1073 4463 ἑνδεκάτη]
1095 4407 1124 4465 p.
1145 4386 1218 4445 195:
