2894 5062
625 241 701 314 313

82 417 268 512 τριακάδας
289 417 330 490 οὗ
352 427 430 490 πντῖ
449 418 660 503 παντελιῦς”.
703 421 795 512 τρίτη
820 423 1010 506 Θεσσαλίας
1035 430 1096 514 τῆς
1120 424 1242 495 Θθιιό-
1269 493 1272 500 ,

82 544 189 622 τιδος.
211 536 350 629 τετάρτη
372 541 407 608 ἒν
428 538 586 630 Κιλικίᾳ,
605 536 837 624 Ὑποπλακία,
861 542 1004 632 πλησίον
1024 549 1083 633 τῆς
1109 544 1241 632 Τροίας,

81 652 122 750 ἧς
144 656 163 729 ὁ
186 657 328 746 πολίτης
346 659 524 748 Θηβαίτης.
561 661 698 747 πέμπτη
717 655 844 741 Ἰωνίας
866 661 950 731 κατά
969 659 1134 752 Μίλητον.
1168 663 1243 753 ἕκτη

82 780 119 848 ἐν
140 784 182 869 τῇ
198 776 343 868 Ἀττικῇ.
379 774 505 867 ἑβδόμη
526 782 585 869 τῆς
600 778 805 860 Καταονίας.
840 775 943 868 όηδόη
957 777 1111 863 Ἰταλίας.
1144 779 1241 871 ἐνάτη

82 897 217 986 Συρίας.
241 896 292 982 τό
314 895 466 984 κτητικδν
490 895 658 986 Θηβαῖκός
679 898 736 967 καὶ
759 895 922 987 Θηβαίκή.
957 899 1000 965 τά
1021 899 1147 968 τοπικδ
1172 898 1267 991 Θή-ι

82 1023 192 1105 βηθεν
216 1013 350 1103 Θήβαζε
375 1011 534 1104 Θήβησιν.

175 1131 401 1223 Θηγιόνιον,
432 1132 535 1214 πόλις
560 1133 760 1217 Θεσσαλίας.
801 1131 994 1216 Ἑλλάνικος
1015 1133 1133 1227 πριότη
1154 1142 1243 1205 Δευ-

85 1252 296 1334 καλιωνείας.
336 1254 375 1322 τὸ
398 1253 536 1323 ἑδνικδν
559 1250 739 1340 Θηγιόνισς.

176 1368 382 1462 Θημακός,
401 1374 507 1461 δῆμος
519 1376 579 1462 τῆς
590 1369 806 1463 Ἐρεχδηίδσς
820 1373 938 1462 φυλής,
954 1367 1054 1454 ὡςδὲ
1070 1371 1242 1463 Φρύνιχος,

84 1497 145 1581 τῆς
165 1491 413 1576 Πτολεμαΐδος.
459 1485 477 1558 ό
502 1488 646 1579 δημότης
670 1486 854 1580 Θημακεός.
898 1491 938 1559 τδ
961 1492 1103 1563 τοπικόν
1126 1499 1282 1582 Θημα-ιυ

83 1607 190 1678 ιιόδτυ
214 1606 408 1698 Θημακόνδε
433 1614 596 1697 Θημακυῖ.
817 1598 821 1606 ’

176 1725 300 1818 Θήρα,
328 1732 427 1817 νήσας
448 1734 514 1797 τῶν
534 1726 738 1820 Σποράδων,
762 1725 882 1811 κτίσμα
904 1726 1146 1818 Μεμβλιάρου,
1171 1727 1245 1810 ἑνός

84 1854 152 1916 τῶν
172 1847 257 1932 μετὰ
279 1845 433 1934 Κάδμου.
475 1849 509 1917 ἐν
530 1837 554 1938 ᾗ
574 1849 652 1929 τούς
673 1847 756 1916 ἐτῶν
778 1842 804 1914 ν’
828 1841 1036 1934 θνήσκοντας
1056 1837 1117 1916 οὐκ
1139 1846 1245 1938 ἐθρή-

87 1995 179 2049 νουν,
208 1962 288 2035 οὐδὲ
313 1967 392 2049 τούς
420 1964 516 2036 ἑπτά.
562 1964 633 2036 ἔστι
655 1968 712 2035 καὶ
728 1961 846 2035 Ῥόδου
868 1961 970 2046 πόλις
989 1963 1144 2055 ταπεινή.
1187 1967 1245 2036 καὶ

87 2084 221 2176 Καρίας
241 2077 337 2174 ι’ίλλη.
376 2087 434 2154 καί
459 2091 520 2175 τῆς
539 2088 727 2174 Σογδιανῆς
748 2077 845 2172 άλλη.
888 2081 907 2152 ὁ
930 2081 1072 2174 οἰκήτωρ
1097 2089 1242 2177 Θηραῖος
1255 2114 1281 2156 ιτ

85 2207 143 2274 καὶ
160 2201 300 2295 Θηραία.
334 2206 390 2272 καὶ
407 2201 583 2294 Θηραϊκός.
616 2207 655 2274 τό
674 2205 712 2276 δὲ
730 2200 1018 2294 Θηράσισςξένον.
1058 2204 1243 2295 Θηρασία

86 2325 148 2414 γάρ
171 2320 299 2412 νησίον,
322 2317 368 2402 ὥς
389 2319 568 2412 εἰρήσεται.

176 2437 375 2529 Θηρασία,
398 2444 497 2530 νήσας
519 2439 554 2511 ἐν
574 2445 622 2531 τῷ
641 2441 767 2525 μεταξι)
788 2437 886 2531 πόρῳ
907 2438 1040 2532 Κρήτης
1061 2443 1119 2510 καὶ
1133 2450 1244 2532 Κυρη-
1272 2511 1277 2524 ,

87 2560 196 2643 ναίας.
239 2558 278 2628 τὸ
306 2562 327 2627 ἆ
347 2556 475 2650 μακρόν
503 2560 652 2654 αμιταξό
680 2563 739 2648 τῆς
763 2555 877 2649 Θήρας
897 2586 934 2628 τε
955 2561 1012 2629 καὶ
1037 2557 1243 2650 Θηρασίας”.

87 2677 291 2769 όνησιιίτης
315 2676 495 2770 Θηράσιος.
1255 2715 1282 2754 ιο

84 2921 113 2974 2.
129 2909 326 2973 Ὑποπλακία
346 2901 381 2983 V,
403 2907 601 2996 Ὑποπλακίη
620 2913 656 2982 Χ,
675 2907 736 2972 hah
755 2908 871 2996 πλακίη
889 2914 950 2973 AR.
1029 2918 1057 2973 δ.
1077 2897 1115 2992 ἧς
1134 2932 1191 2971 om.
1206 2913 1243 2972 R.
1313 2941 1325 2972 ι

88 3003 168 3066 κατὰ
181 3003 341 3084 Μίλητον]
357 3008 499 3066 Memorat
511 3006 596 3076 hanc,
616 3008 710 3064 varias
724 3007 844 3066 Thebas
858 3026 1021 3080 recensens,
1038 3007 1128 3066 schol.
1141 3006 1243 3085 Eorip.

86 3100 224 3158 Androm.
247 3106 278 3158 1:
306 3092 492 3176 Θεόπομπος
516 3097 548 3159 δν
567 3103 632 3168 τοῖς
645 3093 834 3175 Ἑλληνικοῖς
852 3097 903 3158 καί
923 3099 992 3180 περὶ
1011 3097 1068 3175 τήν
1087 3092 1246 3174 Μυκάλην

87 3185 165 3261 ἅλας
185 3184 329 3268 (illaad)
350 3182 431 3251 rival
448 3211 538 3270 φησι,
560 3183 677 3262 ταότας
697 3189 731 3250 δὲ
749 3189 929 3268 Μιλησίους
949 3184 1148 3258 ἀλλάξασθαι
1168 3187 1245 3268 πρὸς

87 3278 211 3353 αὐτούς.
326 3289 355 3344 7.
372 3289 400 3344 8.
419 3280 653 3352 Δευκαλιωνίας
683 3284 757 3343 libri.
875 3288 904 3343 8.
927 3279 1102 3360 Θηγωνικοί
1122 3283 1187 3340 RV.

86 3383 117 3438 h.
139 3373 287 3454 Θηριακοί
304 3378 377 3437 libri.
467 3382 513 3435 10.
535 3371 574 3434 τὰ
595 3371 727 3434 concuti?
818 3383 866 3437 12.
885 3369 1097 3452 Μεμαλιιίρου
1119 3385 1186 3434 ante
1206 3375 1243 3434 X.

87 3475 133 3529 13.
154 3468 230 3530 ίτῶν
251 3465 275 3528 ν’
296 3473 378 3530 Euat.
400 3471 437 3529 ad
457 3470 544 3527 Dion.
559 3473 624 3537 530,
645 3466 723 3527 ἐτῶν
740 3463 769 3546 η’
789 3471 854 3540 RV,
875 3467 951 3528 ίτῶν
971 3462 1052 3526 όκτιό
1073 3471 1106 3535 Α,
1126 3463 1202 3524 ἐτῶν
1221 3461 1244 3526 ί

86 3560 130 3620 Π.
221 3564 268 3622 14.
290 3558 442 3631 intactile
460 3561 638 3620 Eustatlrius.
737 3567 843 3622 1019.
864 3558 1046 3639 Κηρηναίας
1065 3560 1101 3628 R,
1125 3557 1244 3618 Κυνου·

86 3651 156 3732 ρίας
168 3674 270 3734 parum
286 3666 354 3734 apte
366 3655 536 3713 Palmarius.
558 3654 685 3712 locorum
701 3656 767 3712 situi
782 3655 948 3712 conveniret
959 3648 1137 3728 Mariae,
1159 3673 1244 3729 quam

85 3747 207 3804 formam
238 3758 338 3806 noster
366 3757 506 3806 memorat
533 3767 557 3804 s.
579 3766 605 3806 r.
630 3741 779 3825 Κύθηρα.
811 3741 993 3824 Κυρηναίας
1023 3754 1118 3803 tamen
1149 3756 1246 3804 tuetur

85 3840 192 3898 Strabo
213 3843 227 3898 1
250 3860 280 3918 p.
302 3843 349 3898 57.
370 3849 399 3898 ct
419 3845 438 3899 8
457 3859 487 3917 p.
508 3840 575 3897 347.
603 3859 686 3916 quem
712 3848 811 3896 noster
835 3847 949 3896 secutus
976 3847 1029 3896 ert.
1055 3838 1108 3896 red
1134 3838 1246 3897 videtur

87 3931 167 4010 apud
192 3931 268 3990 huno
294 3951 409 4009 quoque
428 3928 579 4007 Κυδηρία
606 3931 787 3991 rcrihcndum
813 3950 888 3990 csse.
1006 3937 1055 3991 19.
1072 3929 1169 4005 μεταξ
1208 3963 1246 3974 -

88 4017 267 4100 Θηρασίας]
287 4025 458 4104 Apollodori
478 4025 591 4084 ridetur
612 4044 677 4084 case
698 4042 796 4081 versus
812 4043 829 4081 e
844 4022 1006 4092 chronicis,
1026 4025 1055 4082 ni
1075 4025 1171 4092 fallor,
1191 4043 1245 4103 pc·

85 4117 164 4184 titus,
185 4119 234 4194 qui
254 4137 312 4194 quo
334 4127 447 4197 spectet
465 4130 583 4195 praeter
602 4118 675 4175 alios
698 4117 784 4174 docet
803 4117 903 4174 lustin.
925 4117 999 4174 Hict.
1016 4121 1064 4185 30,
1082 4118 1102 4174 4
1122 4115 1245 4175 eodem

86 4227 179 4266 anno
201 4210 454 4269 interinrolao
475 4211 630 4270 Theram
651 4210 919 4268 etTherasiam
941 4251 969 4267 ..
990 4219 1245 4268 terraemotus

85 4301 172 4369 suit,
192 4303 314 4379 loquo
335 4313 486 4382 repente
507 4323 545 4362 cx
566 4302 749 4380 profundo
770 4323 843 4360 curn
860 4303 991 4360 calidis
1007 4303 1111 4376 aquis
1128 4301 1246 4360 insola

84 4396 257 4454 emersit..
279 4395 543 4470 csswmcnhach.
565 4395 604 4452 ad
624 4395 768 4454 Plutarch.
791 4397 878 4456 Orac.
901 4395 961 4454 des.
983 4415 1012 4471 p.
1031 4397 1088 4454 399
1104 4411 1129 4449 c.
