2902 5084
652 218 739 298 ‘268

189 393 498 490 ’Ἐκατόννησοα
543 398 649 484 οἱίιως
676 404 755 494 περὶ
782 405 843 496 την
870 407 1012 493 Λέσβον
1039 405 1138 498 νησία
1164 408 1204 494 κ’,
1234 407 1281 496 ὥς
1380 399 1382 404 ’

115 515 286 612 Στράβων,
308 519 402 610 παρὰ
422 522 482 592 τόν
494 518 636 592 ’Ἐκατον
654 523 713 592 τόν
728 520 946 596 Ἀπόλλωνα·
969 531 1109 613 τιμᾶται
1123 533 1185 618 γὰρ
1201 534 1279 602 δια-

116 639 231 734 φόρως
252 641 288 710 ἐν
309 647 380 722 τοῖς
394 638 526 726 τόποις,
545 640 715 728 Σμινθεός
730 647 896 727 Κιλλαῖος
909 644 1064 737 Γρυνεός.
1097 645 1131 718 oi
1146 647 1277 720 οίκοῢν-

114 789 170 845 τες
186 757 449 850 Ἐκατοννήσιοι.

196 876 520 968 Ἐκατόμπυλος,
550 880 654 965 πόλις
680 880 859 975 Παρθίας,
889 880 1157 977 όνατολικωτίρα
1183 895 1300 978 Περ-,ε

116 1000 223 1083 σίιλος.
263 1002 302 1072 τό
326 999 464 1072 ἐθνικόν
481 998 759 1088 Ἐκατομπόλιος.

198 1118 438 1210 Ἐκβσίτανα,
461 1117 481 1211 ἡ
503 1119 630 1211 μεγάλη
650 1122 746 1214 μερίς
765 1126 825 1214 τῆς
847 1122 998 1213 Μηδίας.
1037 1121 1110 1196 ἔστι
1132 1126 1188 1196 καί
1209 1135 1274 1198 Συ-

114 1242 190 1334 ρίας
211 1239 324 1323 πόλις.
368 1242 407 1313 τό
430 1239 568 1312 ἐθνικόν
585 1239 826 1332 Ἐκβατανηνός
847 1238 893 1325 ὥς
919 1242 1082 1334 Ταβηνός.

195 1359 232 1432 Ἐ
237 1359 305 1431 λαί
309 1389 349 1443 α,
372 1358 474 1444 πόλις
488 1366 547 1451 τῆς
564 1359 680 1444 Ἀσίας
694 1359 855 1453 Αίολική,
871 1370 1099 1455 Περγαμηνῶν
1113 1365 1271 1456 ἐπίνειον,

113 1475 135 1573 ἢ
156 1478 354 1562 Κιδαινίς
376 1476 576 1566 ὠνομάζετο,
599 1482 809 1564 Μενεσθέως
829 1481 961 1568 κτίσμα.
1001 1482 1073 1554 ἔστι
1094 1487 1153 1554 καὶ
1175 1483 1271 1576 ἑτέρα
1284 1517 1312 1558 ιο

108 1600 254 1690 Ἰταλίας
276 1601 335 1671 διὰ
355 1606 416 1671 τοῦ
435 1603 577 1694 ἓψιλοῦ
591 1598 628 1670 ’E
634 1600 676 1672 λε’
683 1629 719 1684 α,
743 1601 780 1684 ἒξ
799 1592 839 1692 ἧς
858 1598 1024 1673 Ἐλεᾶται.
1058 1609 1117 1694 τῆς
1133 1607 1172 1676 δὲ
1187 1631 1273 1697 προ-

111 1724 210 1815 τέρας
228 1702 389 1791 Ἐλαίται.
424 1718 495 1791 ἔστι
517 1721 574 1790 καί
592 1718 695 1804 πόλις
713 1719 870 1812 Φοινίκης
883 1718 1001 1793 Ἐλαία
1015 1724 1141 1809 μεταξὺ
1163 1722 1271 1815 Τόρου

112 1845 168 1913 καί
188 1845 347 1924 Σιδῶνος,
372 1837 418 1924 ὡς
444 1841 568 1912 Φίλων.
611 1843 669 1910 καὶ
685 1838 805 1910 Ἐλαία
822 1841 992 1924 Βιθυνίας
1013 1840 1163 1914 ἐπίνειον
1184 1847 1271 1937 πλη-

112 1963 186 2036 σίσν
206 1962 355 2044 Μυσίας.
400 1960 472 2034 ἔστι
493 1963 551 2032 καί
572 1962 672 2053 λιμην
693 1959 893 2044 Αἰθιοπίας
915 1963 972 2032 καί
994 1967 1091 2053 νῆσοι
1110 1972 1208 2056 τρεῖς.

192 2081 392 2165 Ἐλαιεός,
415 2086 522 2171 δῆμος
541 2087 602 2172 τῆς
617 2078 909 2164 Ἱπποθοωντίδος
931 2086 1053 2175 φυλῆς,
1077 2081 1123 2168 ὡς
1144 2085 1307 2159 Διονύ-ιι

110 2230 197 2288 σιος.
227 2201 406 2293 Διόδωρος
428 2198 461 2271 δ’
482 2199 682 2284 Ἐλαιοῦς,
705 2199 763 2293 ἀφ’
782 2192 822 2272 οὗ
845 2198 865 2270 ό
884 2199 1028 2295 δημότης
1045 2201 1269 2290 Ἐλαιούσιος.

108 2328 152 2398 τὰ
183 2323 308 2396 τοπικὰ
336 2319 597 2393 Ἐλαιουντόθεν
626 2323 684 2391 καί
713 2319 949 2392 Ἐλαιοῦντόδε
983 2323 1040 2392 καὶ
1068 2320 1268 2398 Ἐλαιοῦντι.

109 2447 243 2537 λέγεται
263 2445 321 2514 καὶ
342 2443 380 2527 ἐξ
396 2440 567 2524 Ἐλαιέως.

167 2563 351 2636 ’Ἐλαίαν
385 2568 533 2648 τεῖχος,
569 2558 673 2645 πόλις
702 2558 849 2643 Λυκίας.
892 2563 930 2633 τὰ
966 2564 1103 2634 amanio
1132 2561 1266 2636 Ἐλαιο-

106 2684 259 2775 τειχίτης.
1278 2722 1305 2763 20

189 2801 390 2887 Ἐλαιοῦς,
406 2801 509 2885 πόλις
523 2800 558 2872 ἓν
568 2797 816 2892 Ἑλλησπόντῳ.
838 2801 878 2872 τὰ
894 2801 1030 2872 ἐθνικόν
1043 2797 1265 2890 Ἐλαιοςίσισς,

108 2926 166 2995 καί
185 2925 224 2994 τό
246 2926 395 3015 θηλυκόν
413 2920 619 2994 Ἐλαιονσία.
664 2919 735 2992 ἔστι
757 2922 813 2990 καί
831 2916 972 3012 Ἄργους
990 2919 1156 3006 Ἐλαιοῦς.

190 3043 450 3126 Ἐλαιοῦσσα,
478 3047 578 3134 νῆσος
600 3041 760 3124 Κιλικίας
786 3043 870 3112 κατὰ
897 3042 957 3133 την
978 3037 1134 3134 ἤπειρον,
1164 3041 1266 3135 ἧνῦν

106 3400 134 3456 1.
155 3389 241 3474 παρὰ
260 3394 298 3454 R.
395 3397 423 3451 2.
444 3383 612 3467 Στράβων]
634 3394 671 3450 13
691 3411 722 3468 p.
742 3392 808 3449 618.
900 3383 985 3465 παρὰ
1006 3389 1177 3458 Salmasius,
1196 3385 1266 3470 περὶ

105 3488 180 3547 libri.
258 3482 314 3546 τὸν
327 3476 471 3560 Ἐκατον]
493 3484 568 3544 Vide
582 3503 670 3564 oupra
684 3504 714 3562 p.
727 3487 792 3543 121.
865 3472 1004 3541 Ἀπόλλω
1023 3482 1059 3540 R.
1139 3477 1265 3543 4.Ἐκιι-

104 3573 260 3658 τσννήσιοι
285 3582 326 3648 Χ,
352 3571 570 3655 Ἑκατόννησοι
596 3581 633 3648 A,
660 3571 879 3654 Ἓκατοννῆσοι
899 3577 941 3644 R,
966 3567 1166 3653 Ἓκατόνησοι
1187 3579 1224 3639 V.

104 3679 133 3734 7.
152 3670 253 3750 μερίς]
273 3667 462 3750 μητρόπολις
483 3674 520 3731 H.
628 3676 656 3732 8.
673 3662 879 3746 Ἓκατανηνός
898 3671 934 3728 R.
1046 3664 1190 3746 Ταβηνός
1209 3675 1263 3754 Pp,

109 3759 266 3843 Ταβιηνός
291 3768 379 3826 ARV.
517 3770 564 3824 10.
584 3762 739 3838 litiatoria]
766 3761 816 3822 καί
844 3761 966 3832 Δαναΐς
991 3765 1028 3822 Η.
1060 3763 1185 3824 sortasse
1212 3764 1264 3824 καί

101 3856 219 3929 Ἐλαΐς,
247 3861 326 3936 quod
350 3870 527 3939 prototypon
553 3867 597 3917 eat
621 3859 758 3934 gentilitii
777 3853 918 3935 Ἐλαίτης
937 3868 966 3916 et
986 3859 1144 3936 possessivi
1166 3851 1264 3918 Ἐλαῖ·

103 3945 197 4022 τινός.
229 3954 361 4014 similiter
391 3972 476 4030 quam
506 3951 605 4032 paullo
635 3963 703 4031 post
730 3962 932 4011 commemorat
957 3953 1077 4010 Elaeam
1104 3952 1263 4028 Syriacam,

100 4041 230 4135 Ἐλπίδα
251 4056 334 4106 vocat
352 4047 441 4106 Dion.
459 4047 527 4105 Per.
548 4051 614 4106 910.
698 4051 746 4105 11.
767 4043 799 4116 ἐξ
819 4029 856 4122 ἧς
876 4046 991 4134 om3V.
1066 4037 1206 4106 Ἔλεᾶται
1227 4047 1263 4114 Χ,

101 4134 239 4201 Ἐλαῖται
259 4143 294 4210 R,
317 4133 447 4200 Ἐλείται
468 4140 505 4210 V,
527 4132 657 4200 Ἐλεΐται
677 4141 712 4196 A.
791 4144 839 4197 12.
857 4131 993 4198 Ἐλαϊτια
1014 4141 1051 4210 Η,
1068 4132 1205 4198 Ἐλαῖται
1226 4140 1263 4209 V,

101 4216 230 4294 Ἐλεῗται
251 4232 326 4304 HR,
349 4229 499 4294 Ἐλαίίται
519 4236 553 4292 A.
659 4236 705 4292 17.
723 4224 893 4291 Ἐλαιοῦντι
914 4235 1089 4312 Gfittlingua,
1111 4225 1264 4292 Ἐλαιοόν-

103 4345 171 4386 τιον
193 4328 263 4397 RV,
296 4322 453 4388 Ἐλαιοῦσι
482 4331 516 4385 A.
654 4331 701 4387 23.
724 4319 913 4388 Ἐλαίσυσσα
944 4329 980 4386 R.
1109 4323 1189 4388 κατὰ
1218 4325 1262 4396 Π,

101 4416 183 4498 μετὰ
202 4421 292 4482 ARV.
