2888 5084
569 211 672 282 ’97

67 390 102 458 δὲ
131 385 234 456 πόλιν
263 383 368 475 αὐτόν
397 410 480 475 φησι
506 389 563 455 καί
592 382 703 457 ίίλλοι.
748 391 804 457 καί
829 387 975 480 Ἀνθήνη
1005 389 1143 482 ἐκλήθη.
1188 398 1227 466 τό

65 507 206 574 ε’θνικόν
221 501 434 592 Ἀνθηναῖος.
475 505 533 570 καί
555 501 790 598 αἈνθήνηῦον
811 505 959 577 λ’κοντο”.

141 619 328 704 Ἄνθιον,
360 621 462 704 πόλις
486 619 640 704 Ἰταλίας.
686 623 907 715 Κουόδρατος
933 627 968 696 ἰν
989 628 1127 720 δευτέρᾳ
1144 627 1225 700 Ῥω-

61 746 185 831 μαϊκῆς
203 738 370 826 χιλιάδος.
416 737 435 808 ὃ
457 739 598 828 πολίτης
616 738 807 825 Ἀνθιανός,
831 741 877 825 ὡς
898 742 1010 828 αὐτός.

139 857 365 941 Ἄνθυλλα,
387 856 490 940 πόλις
511 857 702 948 Αἰγύπτου.
742 859 930 953 Ἡρόδοτος
952 867 1091 958 δευτέρᾳ
1121 887 1247 960 ατσο-5
1310 837 1316 848 ⁸

63 981 147 1048 τέων
175 981 213 1049 δὲ
240 976 260 1068 ἡ
284 979 345 1064 μὲν
363 971 537 1047 ’Άνθυλλα
564 979 667 1048 ἰοῦσα
695 979 814 1070 λογίμη
839 979 941 1063 πόλις
963 984 997 1066 ἐς
1019 979 1222 1072 ὑποδήματα

66 1095 269 1186 ἰξαίρετος”.
301 1097 340 1165 τό
364 1097 501 1166 ἰθνικὸν
518 1096 749 1180 Ἀνθολλαῖσς,
774 1095 821 1178 ὥς
838 1093 988 1184 Ἄβολλα
1011 1099 1221 1187 Ἅβολλοιῖος,

22 1294 30 1317 ¹.
65 1220 120 1287 καὶ
143 1215 375 1303 Ἀνθολλίτης,
399 1215 458 1284 διὰ
478 1216 538 1284 τόν
558 1214 675 1285 τόπον.

140 1332 277 1416 Ἄννα,
300 1334 402 1415 πόλις
421 1338 482 1423 τῆς
499 1331 667 1417 Ἰουδαίας
687 1333 772 1425 ὑπὲρ
786 1332 994 1426 Ἱεριχοῦντα.
1027 1341 1066 1410 τό
1083 1338 1221 1411 ἰθνικδν

59 1453 216 1543 Ἀννίτης,
240 1448 286 1534 ὡς
304 1451 476 1542 Ἰώσηπος,
499 1453 556 1520 καί
577 1450 749 1534 ’Λννιανός
771 1450 841 1526 ἆπό
863 1463 924 1526 τοῦ
945 1454 1069 1528 Ἀννία.
1233 1491 1259 1528 ιο

141 1571 393 1661 Ἀννίχωρον.
426 1573 590 1660 μέμνηται
605 1567 761 1658 Ἀλκμάν.
796 1571 829 1641 οἰ
846 1571 1011 1656 οἰκοῦντες
1027 1574 1221 1666 Ἀννίχωροι

64 1695 118 1761 καί
134 1689 339 1783 Ἀννίχωρες,
363 1689 505 1781 πλησίον
525 1697 668 1781 Περσων
689 1691 847 1776 κείμενοι.

140 1808 476 1892 Ἅνναιούπολις,
506 1807 610 1890 πόλις
638 1811 673 1878 δν
698 1806 877 1900 Αἰγύπτῳ.
922 1813 960 1880 τὸ
989 1813 1126 1882 ἰδνικδν
1146 1811 1220 1882 Ἅν-
1284 1803 1289 1814 ’

62 1927 292 2017 ταιοπολίιης.
339 1929 469 2016 λέγεται
498 1930 554 1997 καί
579 1925 740 1998 Ἀνταίων
767 1924 813 2009 ὡς
837 1925 1009 2000 Ἀκταίων.
1054 1927 1113 2024 ἀφ’
1136 1923 1178 2002 οῦ
1198 1929 1226 2022 ἦ

62 2047 174 2130 πόλις.
1233 2079 1257 2118 15

137 2161 399 2256 Ἄντανδρος,
431 2162 534 2246 πόλις
560 2162 629 2235 ὑπὸ
655 2167 714 2256 τήν
734 2161 824 2256 Ἴδην
850 2172 936 2262 πρός
958 2177 999 2263 τῇ
1020 2170 1141 2262 Μυσίᾳ
1160 2176 1220 2261 τῆς

62 2285 241 2366 Αἰολίδος,
266 2281 337 2353 ἇπδ
352 2281 553 2374 Ἀντάνδρου
573 2289 635 2353 τοῦ
655 2292 839 2378 στραιηγοῦ
858 2286 1026 2360 Αἰολέων.
1063 2290 1102 2359 τό
1123 2289 1219 2359 ἐθνι-

64 2407 123 2476 νόν
140 2401 365 2492 Ἀπόνδριος.
395 2402 625 2493 Ἀριστοτέλης
647 2407 730 2495 φησί
749 2404 870 2496 ταύτην
891 2404 1096 2493 ὠνομάσθαι
1106 2405 1219 2479 Ἠδω-

64 2525 141 2596 νίδα
170 2523 231 2592 διδ
258 2525 297 2594 τό
330 2527 462 2614 Θρᾷκας
485 2521 658 2604 Ἠδωνοῦς
682 2519 780 2606 ῦντας
802 2523 950 2614 οἰκῆσαι,
981 2523 1002 2616 ἢ
1025 2525 1219 2617 Κιμμερίδα

65 2637 498 2733 Κιμμερίωνένοικοῦπων
513 2640 630 2713 ἑκατόν
648 2641 714 2732 ίιη.
747 2645 789 2712 τὰ
813 2640 934 2711 ἐθνικοὶ
955 2649 1013 2732 τῆς
1033 2642 1218 2729 μδνἪδιι·
1231 2680 1257 2719 ιο

64 2763 157 2844 κίδος
176 2757 334 2840 Ἠδωνσί,
356 2762 415 2848 τῆς
437 2760 474 2828 δὲ
497 2760 704 2851 Κιμμερίδος
726 2763 922 2850 Κιμμέριοι.

140 2877 353 2964 Ἄντεμνα,
383 2875 484 2960 πόλις
504 2878 671 2966 Σαβίνων,
696 2878 759 2965 μία
787 2885 853 2948 τῶν
873 2877 1122 2970 ἀνθεστηκυιιῦν
1138 2877 1219 2954 Ῥω-

64 3001 169 3090 μύλῳ.
204 2999 245 3070 τό
267 2997 404 3066 ἐθνικδν
419 2993 635 3086 Ἀντεμνάιης
657 2995 704 3082 ὡς
720 2996 944 3088 Ῥαβεννότης.

62 3317 90 3370 2.
105 3303 304 3386 Ἀνθήνηθεν
319 3305 422 3366 ἰ’κσντο
449 3307 572 3367 sortasse
592 3309 697 3368 Rhiani
716 3321 782 3368 sunt
801 3331 838 3369 ex
857 3309 999 3367 Achaicis.
1107 3309 1135 3365 5.
1156 3302 1220 3363 δεσ-

63 3401 153 3486 τίρη]
175 3422 201 3461 c.
223 3406 271 3462 98.
362 3405 390 3458 6.
411 3396 506 3459 ἰοῦσα
525 3421 580 3459 om.
601 3403 637 3460 V.
726 3408 755 3463 7.
776 3397 930 3482 ἐξαίρετος
949 3399 1125 3468 Herodotus,
1144 3395 1220 3468 ἐξαι·

63 3519 160 3596 ρίτως
180 3521 256 3578 libn'.
345 3472 526 3587 Ἀνθαλίιῖος
544 3520 581 3577 R.
675 3526 704 3580 8.
725 3517 777 3578 διὰ
798 3517 851 3580 τὸν
870 3513 981 3594 τόπον]
1004 3519 1026 3577 1.
1048 3538 1073 3576 e.
1095 3514 1147 3576 διδ
1165 3513 1221 3575 τὸν

62 3604 357 3691 Αληῦπτισντόπον.
435 3619 464 3672 9.
479 3607 663 3688 Ἱεριχοῦντα
676 3613 739 3681 RV,
755 3608 966 3688 Ἱιρουχοῦντα
982 3612 1015 3670 A.
1094 3615 1142 3669 10.
1157 3603 1220 3667 {Ar-
1322 3657 1327 3664 .

62 3707 147 3784 νίκης
165 3704 278 3785 PpRV,
296 3697 472 3780 Ἀννανίτης
491 3707 525 3763 A.
640 3697 801 3782 Ἰώσηπος]
823 3707 869 3762 Al.
889 3708 917 3772 5,
937 3709 964 3772 1,
986 3707 1032 3771 12,
1053 3703 1102 3778 qui
1122 3705 1220 3760 urbem

56 3793 162 3859 Ἅϊναν
183 3807 212 3858 et
232 3797 342 3854 incolas
356 3789 489 3864 Ἀῖνίτας
509 3807 599 3855 vocat.
699 3789 877 3871 Ἀνᾳνιανός
896 3799 931 3854 R.
1027 3789 1131 3852 Ἀννία
1151 3795 1220 3853 Sal-

62 3896 187 3961 masius,
209 3885 353 3949 Ἅννανία
378 3890 452 3948 libri.
570 3893 678 3949 16.17.
699 3889 755 3966 τῆς
774 3885 925 3956 Αἰολίδος
949 3887 1050 3945 melius
1076 3887 1222 3963 legeretur

62 3997 128 4066 post
149 3976 248 4052 πόλις.
345 3985 392 4040 17.
412 3983 469 4040 τοῦ
488 4005 544 4043 om.
564 3983 627 4043 RV.
726 3987 773 4042 18.
795 3977 871 4060 φησί
892 4000 947 4038 om.
966 3980 1002 4038 V.
1102 3984 1148 4038 19.
1170 3974 1223 4036 διὰ

62 4075 97 4138 τὸ
124 4073 259 4158 Θρᾷκας
281 4069 441 4142 Ἠδωνοῦς
466 4067 557 4144 ὄντας
581 4075 703 4153 οἰκῆσαι
723 4065 742 4150 ἡ
768 4075 836 4132 add.
857 4072 1007 4152 PpHRV.
1032 4072 1128 4129 malim
1156 4089 1222 4128 vero
1294 4103 1299 4120 ·

60 4167 223 4236 Ἠδωνσδς
245 4163 383 4250 Θρᾷκας.
463 4166 585 4244 οἰκῆσαι
604 4167 687 4246 PpV,
707 4161 839 4224 οἰκίσται
860 4161 903 4235 Π,
925 4161 1037 4224 οἰκίσαι
1058 4165 1093 4221 R.
1173 4159 1224 4219 καί
1267 4175 1303 4206 -·'·

63 4255 155 4345 ηισῆ
182 4263 319 4320 Vossius.
441 4267 488 4320 20.
509 4254 674 4319 οἰκούντων
699 4255 847 4337 PpHRV.
965 4261 1012 4316 21.
1035 4250 1225 4332 Κιμμερίδος

60 4355 217 4440 ΡρλΙλΝ,
245 4349 420 4428 Κιμμεριάς
445 4357 478 4412 A.

98 4463 301 4524 81ορ11.Βγιιιιι
1008 4443 1027 4496 7
