2888 5084
719 281 793 354 166

176 469 250 535 λισν
279 465 338 533 διὰ
366 466 426 552 τῆς
448 459 640 552 θαλάσσης,
670 463 814 551 ἐγχῶσαι
835 461 896 542 τάς
918 455 1060 545 ἐκβολάς
1078 461 1139 526 τοῦ
1156 451 1338 527 Ῥυνόάκον

176 586 359 672 ζητοῦντες.
405 578 424 671 ἡ
456 584 494 652 δὲ
525 579 606 673 κόρη
638 577 817 670 ἀγωνιῶσα
845 578 924 668 περί
954 576 1098 661 Κυζίκου
1124 577 1185 658 τάς
1213 577 1339 666 πέτρας

175 701 333 793 ἐρρίζωσε
355 705 412 770 καὶ
433 707 534 792 νῆσον
555 699 722 789 ἐποίησεν,
744 697 819 789 ἥτις
840 695 899 789 ἀφ’
919 694 993 778 ἑνός
1012 700 1080 764 τῶν
1097 694 1235 785 ὕστερον
1252 694 1339 766 σίκι-

178 819 308 891 σάντων
329 823 514 910 Πελασγῶν
542 820 807 908 προσηγόρευται
828 816 1009 903 Βέσβικος,
1041 814 1094 906 ἐφ’
1117 807 1141 908 ᾗ
1166 815 1246 896 τοὺς
1267 818 1338 884 λει-

151 941 346 1026 1πομένους
367 945 433 1007 τῶν
454 936 625 1029 Γιγάντων
647 935 793 1028 ἠφάνισε
814 937 874 1007 σόν
892 931 1088 1022 Ἡρακλεῖ”.
1132 935 1172 1003 τό
1200 933 1339 1004 ἐθνικῶν

176 1055 391 1147 Βεσβικηνός.

262 1176 431 1259 Βεσκία,
468 1172 570 1257 πόλις
600 1171 780 1243 Αὐσόνων.
829 1175 869 1244 τό
901 1173 1040 1243 ε’θνικόκ
1075 1170 1260 1263 Βεακιάεης
1292 1169 1339 1254 ὡς

172 1294 354 1385 Ἀντιότης,
378 1296 435 1363 καὶ
455 1291 640 1374 Βεσκιανός
662 1289 708 1374 ῶς
724 1289 911 1382 Ἀδριανός.

264 1410 385 1501 Βεόη,
415 1409 516 1493 πόλις
537 1410 769 1493 Μακεδονίας,
798 1412 855 1480 καὶ
881 1412 967 1501 πρός
994 1408 1079 1503 αὐτῇ
1101 1414 1208 1491 Βεῦος
1229 1437 1338 1480 ποτα-

140 1530 252 1618 111μός.
296 1531 335 1601 ’τό
357 1530 495 1601 ἐθνικόν
518 1537 672 1612 Βευαῖος.
1274 1509 1276 1514 .
1337 1525 1342 1538 '

263 1653 427 1740 Βέχειρ,
459 1647 561 1729 ἔθνος
590 1645 775 1730 Σκυθικόν,
811 1645 858 1729 ὡς
883 1645 1031 1738 Σάπειρ,
1061 1645 1082 1739 ἢ
1110 1649 1196 1735 μετὰ
1225 1654 1287 1717 τοῦ
1316 1656 1338 1721 ὃ

177 1768 340 1861 Σάσπειρ,
360 1767 538 1858 Ἐλεάζαρ,
562 1765 714 1852 όκόματα
735 1767 921 1859 βαρβάρων,
944 1769 1068 1859 Λίγειρ
1088 1767 1243 1852 ποταμός
1259 1767 1340 1856 περὶ

178 1889 359 1971 Γαλατίαν,
374 1887 575 1977 χρυσσέθειρ
592 1883 671 1974 παρ’
690 1883 871 1978 Ἀρχιλόχῳ
887 1889 923 1958 έν
934 1886 1128 1976 Ἰοβάκχοις,
1146 1885 1231 1975 ὅπερ
1249 1882 1338 1954 άπο-

181 2010 345 2079 κέκοπται
365 2012 426 2077 τοῦ
444 2006 693 2096 χρυσοέθειρος,
717 2003 906 2098 ἑκατόγχειρ
925 2008 967 2077 τό
989 2005 1165 2077 σύνθετον.

142 2143 167 2183 ¹⁵
265 2131 406 2216 Βῆγις,
428 2124 528 2206 πόλις
553 2121 742 2212 Τράλλεων.
774 2120 870 2198 οὗτοι
890 2128 929 2197 δὲ
950 2131 1016 2195 τῶν
1035 2123 1204 2216 Ἰλλυριῶν
1223 2128 1336 2214 μοῖρα.

179 2245 219 2314 τό
241 2243 378 2315 ιἰθνικόν
400 2242 541 2332 Βηγίιης
562 2249 610 2333 τῷ
630 2250 731 2334 κοινῷ
750 2250 943 2335 χαρακτῆρι.

264 2361 480 2452 Βήθλεμα,
508 2361 610 2446 πόλις
631 2364 861 2455 Παλαιστίνης
888 2365 975 2451 πρὸς
995 2369 1066 2446 τοῖς
1082 2358 1337 2452 Ἱεροσολύμοις,

181 2477 365 2573 οὐδετέρως
388 2483 436 2564 [έν
456 2473 481 2576 ᾗ
501 2484 633 2573 γέγονεν
654 2482 675 2575 ἦ
695 2484 780 2553 κατά
802 2480 909 2573 σάρκα
930 2482 1079 2572 γέννησις
1099 2487 1159 2551 τοῦ
1178 2485 1266 2550 θεοῦ
1280 2482 1339 2548 καὶ

181 2605 330 2692 σωτῆρος
358 2598 478 2692 ἡμῶν].
517 2601 680 2695 Ἰώσηπος
707 2604 746 2674 δέ
767 2628 869 2693 φησιν
900 2601 959 2696 αἐκ
981 2597 1222 2691 Βηθλεεμῶν”.
1267 2596 1339 2670 ἔστι

143 2720 220 2789 11)όὲ
240 2717 343 2803 πόλις
361 2728 422 2812 τῆς
439 2720 551 2793 Ἰούδα
573 2725 692 2814 φυλῆς.
734 2717 753 2790 ὁ
776 2719 917 2810 πολίτης
937 2719 1150 2811 Βηθλεμίτης
1172 2715 1219 2800 ὡς
1234 2717 1338 2811 Ἱερο-

182 2838 371 2928 σολυμίτης.

266 2961 415 3047 Βῆλος,
444 2957 464 3050 ἡ
489 2962 545 3029 καὶ
566 2963 725 3052 Μῆλος,
753 2960 840 3048 πρός
862 2965 936 3040 ταῖς
959 2955 1167 3047 Ἡρακλέους
1188 2954 1337 3046 στήλαις,

182 3071 383 3169 ἀμφοτέρων
401 3075 529 3164 ἐτύμως
550 3080 746 3170 λεγομένων,
768 3083 815 3168 τῷ
836 3078 916 3158 τούς
935 3075 1093 3169 άρχαίους
1106 3079 1210 3168 βηλόν
1228 3076 1338 3166 λέγειν

181 3195 239 3266 τόν
267 3194 369 3268 οὐδόν
395 3204 454 3290 τῆς
480 3195 605 3289 θύρας,
636 3200 693 3268 καὶ
722 3197 845 3287 ταύτην
871 3203 1010 3268 κεῖσθαι
1036 3199 1129 3288 παρὰ
1156 3197 1214 3266 τόν
1236 3192 1337 3265 οὐδόν

143 3333 169 3376 ²⁵
181 3320 242 3385 τοῦ
263 3313 420 3387 ὠκεανοῦ.
464 3319 588 3408 Μῆλος
609 3319 647 3387 δὲ
668 3317 726 3387 καί
748 3317 927 3408 Μηλαρία,
958 3316 1019 3387 (iiio
1047 3315 1168 3397 πόλεις
1188 3315 1248 3385 ἐπὶ
1266 3320 1338 3395 τοῖς

182 3602 389 3665 1.Ῥυνδακοῦ
408 3607 483 3666 libri.
561 3610 627 3668 3.1.
643 3603 833 3685 οἰκησάντων
851 3610 889 3668 R.
968 3605 1089 3685 (λβέβη
1105 3609 1142 3665 V.
1222 3601 1338 3665 11.Βί-

176 3701 257 3775 χωρ]
281 3699 328 3757 Cf.
343 3700 446 3758 Arcad.
461 3707 549 3778 p.20‚
562 3707 612 3760 16:
633 3694 801 3780 βαρύνεται
813 3697 934 3778 βλίχειρ
952 3699 1088 3778 (Βέχειρ)
1104 3693 1221 3776 Σάπειρ
1239 3693 1338 3758 Ἐλεά-

180 3789 251 3868 ζαρ.
367 3786 410 3861 ὡς
426 3785 531 3869 Ἄπειρ
556 3805 585 3853 et
611 3813 677 3850 mox
697 3786 815 3872 Σάπειρ
840 3795 876 3851 B.
903 3795 944 3850 ita
969 3813 1038 3852 sane
1058 3792 1182 3868 Etymol.
1203 3794 1243 3851 M.
1265 3812 1290 3851 ε.
1312 3811 1337 3851 ν.

180 3881 303 3962 Βέχειρ,
335 3905 420 3961 quem
452 3906 488 3944 ex
518 3896 616 3944 nostro
647 3888 743 3965 potins
770 3886 980 3945 emendandum
1007 3904 1071 3945 esse
1097 3895 1197 3945 censet
1221 3887 1259 3944 H.

181 3983 227 4036 12.
244 3970 394 4052 Ἀλεάζειρ
415 3980 479 4037 RV.
576 3971 675 4053 ὄνομα
694 3980 732 4036 V.
841 3981 888 4036 13.
909 3974 1069 4036 Γαλατίαν
1086 3979 1151 4048 BH,
1172 3973 1338 4036 Πλάταιαν

180 4071 255 4128 libri.
335 4071 382 4128 11.
392 4067 590 4147 χρυσόεθρος
602 4073 666 4131 RV.
744 4075 792 4131 15.
809 4065 980 4146 Τράλλεων
990 4073 1053 4131 RV.
1132 4076 1178 4131 17.
1191 4065 1338 4147 Βήτλεμα

182 4174 248 4222 ante
268 4165 333 4220 BH.
412 4168 519 4223 11119.
534 4162 566 4222 έν
584 4147 605 4242 ᾗ
624 4157 771 4243 -ἡμῶν
791 4166 988 4242 epitomatoris
1009 4174 1085 4234 sunt,
1104 4167 1202 4242 itaque
1222 4165 1338 4224 seclusi.

182 4262 228 4317 19.
247 4249 395 4331 Ἰώσηπος
415 4289 454 4298 --
473 4254 664 4331 Βηθλεεμῶν
684 4276 739 4316 om.
762 4258 798 4314 V.
886 4249 1037 4336 Ἰιόσηφος
1057 4257 1117 4335 (ΑΙ.
1138 4261 1168 4326 5.
1188 4257 1239 4332 11)
1261 4255 1338 4315 HR.

1323 4342 1338 4366 u

199 4346 383 4423 Βητλεεμῶν
402 4356 431 4405 et
450 4367 516 4404 mox
537 4347 727 4427 Βητλεμίτης
747 4359 813 4407 ante
833 4350 897 4408 ΒΗ.
986 4345 1020 4407 δὲ
1040 4369 1095 4409 om.
1117 4351 1153 4408 R.
1251 4355 1338 4425 22.q

181 4438 232 4500 καί
252 4441 287 4508 Β,
309 4429 327 4514 ἢ
349 4437 399 4497 καί
419 4441 494 4498 libri.
587 4443 633 4502 24.
654 4439 739 4518 παρὰ
762 4461 817 4500 om.
840 4443 877 4500 V.
