2880 5078
639 180 688 252 87

156 353 297 442 Ἀμος,
321 354 426 436 πόλις
441 356 582 446 Καρίας,
606 357 653 439 ῶς
669 357 889 448 Ἀλέξανδρος
906 361 941 428 ἐν
955 367 1002 449 τῶ
1018 364 1097 453 περὶ
1112 365 1244 453 Καρίας

72 477 235 564 δευτέρῳ.
274 477 313 544 τὸ
337 475 476 544 ἕθνικὸν
490 470 611 560 Ἀμιος
634 474 680 558 ῶς
701 474 830 563 Σάμιος
852 476 1015 560 Καύνιος.

149 588 373 677 Ἀμπιλος,
404 589 506 674 πόλις
534 599 594 684 τῆς
622 601 846 685 Λιγυστικῆς,
874 593 1050 678 Ἑκαταῖος
1079 595 1241 690 Εὐρώπῃ.

70 709 146 779 ἔστι
167 715 228 781 καί
250 707 335 799 ἄκρα
357 712 559 802 Τορωναίων
570 709 742 799 ’Ἀμπελυς
764 715 934 805 λεγομένη.
968 713 1040 784 ἔστι
1062 717 1120 786 καὶ
1143 714 1240 808 ἑτέρα

70 825 158 918 όκρα
189 836 251 919 τῆς
276 829 404 916 Σάμου.
439 835 505 901 ’καί
534 827 620 921 {itta
651 834 685 902 ἐν
714 831 861 923 Κυρήνῃ.
901 831 1076 922 Ἀγροίτας
1106 837 1145 906 δὲ
1175 834 1263 906 όύοῡ

70 947 195 1030 πόλεις
217 943 306 1017 εἶναί
327 975 421 1039 φησι,
443 951 504 1040 τόν
522 953 584 1036 μὲν
607 945 676 1019 ίίνω
698 951 758 1040 τὴν
779 953 817 1020 δὲ
839 950 941 1022 κότον.
982 952 1062 1022 ἔστι
1075 954 1133 1023 καί
1151 951 1236 1024 Ἰτα-
1280 955 1282 962 l

72 1067 150 1150 λίας
174 1063 263 1158 ἄκρα
291 1071 349 1135 καὶ
377 1069 478 1158 λιμὴν
504 1071 562 1138 καὶ
587 1067 701 1162 πόλις.
746 1065 765 1136 ό
793 1069 935 1159 πολίτης
962 1068 1163 1156 Ἀμπελῖνος
1191 1071 1238 1154 ῶς

68 1184 273 1274 Ἀσσωρῖνος
295 1185 544 1273 Ἀβακαινῖνος·
574 1183 593 1257 ό
616 1188 679 1278 γὰρ
703 1184 810 1269 τόπος
830 1195 897 1258 τῶν
920 1186 1066 1258 Ἰταλῶν.
1109 1181 1237 1262 τῶνδὲ

73 1308 207 1374 λοιπῶν
229 1307 372 1375 δυνατόν
389 1303 589 1390 Ἀμπελῖται
611 1299 710 1375 εἶναι.

147 1419 298 1512 Ἀμπη,
333 1422 438 1505 πόλις
471 1425 556 1511 πρός
586 1429 628 1514 τῇ
654 1420 803 1516 Ἐρυθρᾷ
833 1424 1005 1516 θαλάσσῃ.
1045 1423 1233 1519 Ἡρόδοτος
1246 1461 1272 1500 m

72 1545 158 1634 ἕκτῃ.
193 1543 234 1612 τό
256 1543 396 1611 ίθνικόν
412 1540 585 1628 ,Ἀμπαῖος
607 1539 653 1624 ῶς
674 1550 876 1628 Λαμπαῖος.

149 1659 348 1748 Ἀμυόιόν,
371 1657 473 1741 πόλις
493 1660 674 1742 Παιονίας.
716 1662 755 1730 τό
778 1663 914 1732 ἐθνικὸν
939 1662 1163 1748 Ἀμυδῶνιος,
1186 1663 1232 1747 ῶς

73 1777 240 1850 uoluitur
259 1776 492 1860 Καλυδώνιος.

146 1897 379 1984 Ἀμυθαονί
385 1925 422 1980 α,
450 1903 553 1986 μοῖρα
577 1899 637 1986 τῆς
650 1891 811 1980 Ἤλιδος,
840 1895 911 1968 ἇπό
935 1897 1149 1985 Ἀμυθάονος
1170 1909 1231 1972 τού

71 2020 247 2111 Κρηθέως,
271 2013 317 2096 ῶς
334 2013 475 2096 Ῥιανός.
1243 2049 1268 2088 m

145 2134 361 2222 Ἀμύκλαι,
397 2134 501 2218 πόλις
528 2138 711 2226 Λακωνικὴ
747 2143 813 2204 τῶν
848 2133 967 2206 ἑκατόν
1001 2137 1152 2221 πόλεων,
1189 2133 1229 2227 ἣν

64 2254 230 2340 Ἀμύκλας
244 2250 263 2324 ὃ
279 2253 542 2338 Λακεδαίμονος
556 2253 628 2336 υίὸς
643 2252 762 2324 ἔκτισε.
790 2254 937 2324 κλίνεται
953 2258 991 2325 δὲ
1006 2260 1063 2326 καί
1078 2255 1228 2342 Ἀμύκλα

68 2377 105 2442 τό
128 2369 238 2459 όνομα
258 2379 320 2440 τοῦ
342 2372 513 2450 κτίσαντος
535 2373 591 2439 καί
606 2369 840 2458 Ἀμύκλαντος,
864 2370 910 2454 ῶς
924 2373 1047 2459 Σιμίας
1062 2377 1097 2444 ἐν
1111 2375 1228 2466 Mnaso

70 2490 132 2584 αόν
159 2488 186 2580 ρ’
213 2488 306 2581 [ἄπ’]
330 2489 555 2576 Ἀμύκλαντος
582 2494 709 2572 παιδός
737 2489 980 2582 ἀποφθιμένου
1007 2494 1086 2561 λαοί
1112 2491 1225 2585 κικλή-

69 2607 227 2679 σκουσιν”
244 2612 283 2680 τό
300 2609 439 2681 ἕθνικόν
453 2613 512 2678 τοῦ
527 2605 693 2693 Ἀμύκλαι
709 2606 918 2692 Ἀμυκλαῖος,
935 2610 991 2679 καί
1007 2607 1225 2696 Ἀμυκλαιεύς
1237 2648 1264 2686 20

68 2843 199 2898 convenit
219 2859 283 2898 cum
304 2848 445 2916 sequente
458 2831 649 2914 Δορολαεός,
672 2836 750 2912 quod
771 2839 841 2895 satis
861 2837 987 2895 ostendit
1006 2855 1059 2915 pro
1074 2831 1227 2905 Νοτιαεός

69 2933 250 2990 scribendum
274 2952 340 2990 esse
366 2923 527 2997 Κοτιαιός.
556 2949 592 2987 ex
617 2929 662 2988 hio
688 2929 857 3005 intelligitur
880 2930 1022 3008 Stephani
1048 2933 1135 2988 verba
1159 2949 1224 2988 esse

69 3025 164 3082 luxata
190 3036 220 3083 et
245 3028 286 3082 ita
312 3023 376 3081 sere
405 3021 644 3097 redintegranda:
672 3016 708 3080 τὸ
738 3016 862 3080 ἑθνικὸν
887 3014 1053 3100 Ἀμοριεός.
1094 3017 1224 3098 [λέγεται

68 3114 116 3174 καί
136 3109 340 3190 Ἀμοριόειον.
370 3109 405 3172 τὸ
429 3109 554 3172 ἐθνικόν
572 3107 766 3191 Ἀμοριαεύς]
794 3107 836 3181 ῶς
858 3106 1012 3180 Κοτιαιύς
1034 3107 1224 3188 Δορυλαεός.

66 3202 247 3285 Δορνλιιιός
266 3208 305 3279 V,
329 3198 530 3282 Δορυλλαιύς
549 3208 584 3276 R,
609 3197 791 3281 Δορυαλεύς
809 3207 844 3262 Α.
980 3210 1009 3263 3.
1027 3203 1223 3280 Λυγιστικῆς

64 3302 126 3359 RV.
215 3301 245 3358 4.
271 3295 451 3376 Τοροναίιον
469 3301 506 3356 R.
595 3291 732 3372 Ἄμπελα
751 3295 795 3354 Π.
889 3300 918 3356 5.
938 3293 970 3354 ἓν
988 3287 1131 3372 Κυρήνῃ]
1152 3293 1220 3353 vid.

68 3392 301 3452 llemsterhusius
323 3392 361 3450 ad
380 3391 526 3468 Aristoph.
546 3390 622 3447 Plut.
644 3410 674 3468 p.
694 3395 761 3447 322.
855 3381 1028 3466 Ἀγροίτας]
1049 3388 1220 3462 Libycarum

66 3485 137 3544 libro
157 3487 268 3562 ptimo,
293 3494 324 3540 ut
344 3483 470 3540 conicias
490 3502 526 3540 ex
546 3482 637 3540 schol.
657 3482 753 3560 Apoll.
773 3483 830 3541 Rh.
851 3487 879 3548 2,
899 3483 966 3541 498.
1097 3485 1125 3538 6.
1145 3470 1222 3538 elnon

66 3579 133 3637 add.
153 3577 233 3637 HR.
362 3570 419 3650 τὴν
435 3570 492 3648 μὲν
511 3567 576 3632 ἄνω
595 3570 652 3650 τὴν
671 3570 705 3632 δὲ
724 3569 822 3648 κότον]
850 3576 931 3632 Haeo
955 3595 1011 3631 non
1037 3575 1074 3633 de
1100 3572 1220 3650 Anupelo

66 3671 209 3738 dicuutur,
229 3669 283 3728 uod
305 3669 342 3727 de
357 3669 472 3743 Cyrene
490 3670 568 3734 urhe,
589 3685 665 3742 quae
684 3665 792 3744 duplex
811 3667 875 3735 snit,
896 3678 975 3724 vetus
995 3677 1024 3724 et
1043 3687 1127 3737 nova,
1145 3674 1220 3724 teoto

65 3763 271 3842 Theophrasto
293 3762 354 3818 ΗΡ.
374 3763 402 3828 5,
422 3765 450 3828 3,
469 3765 498 3819 7.
525 3759 626 3816 harum
651 3758 785 3828 alteram,
809 3755 866 3834 τὴν
890 3757 974 3827 νέον,
999 3760 1139 3836 Agrootas
1164 3752 1220 3834 τὴν

63 3850 160 3924 κότον,
190 3855 313 3913 alteram
339 3848 396 3929 τὴν
421 3845 485 3910 ἅνω
512 3852 634 3908 dixerat.
660 3850 713 3908 oed
740 3851 840 3909 dehis
861 3852 1060 3909 fontaneiam
1082 3852 1220 3928 Thrigius

63 3949 226 4016 admonuit,
252 3948 335 4003 euius
362 3945 463 4002 librum
485 3945 522 4004 de
543 3944 704 4018 Cyrenaica
724 3963 800 4000 nunc
820 3942 969 4000 consulere
990 3963 1046 4002 non
1065 3943 1142 4001 licet.

60 4044 285 4124 9.Ἀμπιλι”ται
306 4046 343 4112 V,
366 4030 508 4119 Ἀμπελί
523 4045 558 4112 R,
580 4037 763 4117 Ἀμπελίτην
781 4045 815 4099 Α.
933 4046 979 4100 11.
1000 4037 1083 4121 lurp]
1105 4062 1130 4102 c.
1150 4048 1198 4102 20.

60 4148 102 4201 13.
122 4133 288 4202 Καλυδῶνι
306 4139 344 4204 R,
364 4134 553 4204 Καλυδῶνος
572 4137 634 4194 AV.
718 4141 764 4194 18.
786 4131 920 4210 Σιμμίας
939 4135 1047 4212 PpRV.
1127 4129 1218 4224 ἒῖιμη.

60 4233 105 4292 σίν
122 4237 161 4294 R.
261 4237 310 4290 19.
333 4222 384 4285 ἀπ’
410 4229 510 4286 addidi
531 4239 560 4288 et
579 4229 686 4286 Simiae
706 4229 799 4285 locum
820 4227 943 4306 explicui
965 4229 1028 4286 Del.
1049 4229 1134 4285 Anth.
1155 4229 1219 4288 Pal.
1268 4291 1270 4296 ,

60 4348 86 4405 p.
106 4337 172 4389 too.
268 4329 319 4382 20.
335 4316 488 4396 Ἀμυκλαί
503 4323 539 4381 R.
627 4317 678 4376 καί
692 4313 892 4395 Ἀμυκλαιιύς
910 4353 949 4362 -
969 4320 1024 4377 τοῦ
1037 4315 1221 4394 Ἀμυκλαῖος
