2888 5084
773 367 847 442 126

228 548 416 633 Λίτωλίας.
459 548 559 640 ἐνάτη
591 543 740 619 Λύκτου.
792 544 912 636 δεκάτη
946 551 1006 636 τῆς
1043 550 1333 640 Τρωγλοδυτικῆς,
1366 547 1387 642 ἢ

229 667 393 762 πρότερον
408 667 525 756 Ὀλβία
546 669 746 757 καλουμένη.
779 663 850 736 ἔστι
872 667 930 736 καί
950 660 1035 757 δίλλη
1052 666 1197 750 Λυκίας.
1231 668 1271 739 τὸ
1292 669 1389 738 ibn-

227 789 288 858 ιιὸν
303 786 511 881 Ἀρσινοΐτης
531 789 588 858 ναί
603 784 797 877 Ἀρσινοτύς
818 787 877 856 ἐντί
897 791 956 877 τῆς
965 783 1181 877 ’Λίτωλιιιῆς,
1204 783 1251 870 ὥς
1271 788 1389 860 Πολύ-

228 917 305 997 βιος
326 907 444 999 ἐνάτῳ.
479 904 567 977 ittet
588 907 724 997 καὶτῆς
745 906 779 976 ἕν
800 901 920 997 Λιβύῃ
943 903 1144 995 Ἀρσινοεύς,
1167 904 1214 990 ώς
1231 904 1389 991 Ἀλέξαν-

203 1032 309 1121 5δρας
330 1029 366 1098 ἐν
385 1033 549 1115 Λιβυκῶν
568 1026 680 1118 τρίτῳ.

308 1144 514 1236 Ἀραντία,
535 1142 628 1237 χώρα
647 1150 714 1215 τῶν
739 1142 858 1236 Ψύρων
877 1146 936 1214 καί
955 1143 1055 1228 Χίου,
1076 1151 1212 1237 τραχεῖα
1231 1148 1290 1216 ναί
1311 1143 1388 1216 ‹tlt-

225 1294 341 1354 μτνος,
363 1266 444 1338 ὅσον
466 1265 611 1336 σταδίων
630 1264 825 1354 τριάκοντα,
848 1259 940 1334 οἶνον
961 1259 1099 1356 δριστον
1119 1263 1240 1350 ἔχοντα
1261 1264 1387 1336 καλού-

225 1413 327 1474 μτνον
344 1384 539 1478 Ἀρσυηνόν,
569 1376 611 1455 ού
636 1385 799 1476 μέμνηται
820 1383 980 1476 Στράβων
1007 1379 1064 1455 ιδ’.
1107 1386 1165 1455 καί
1192 1385 1271 1469 τούς
1297 1385 1387 1456 ἐνοι-

226 1555 428 1569 -ι--ῠ

227 1656 255 1709 1.
274 1643 407 1709 Λύκτου
433 1647 501 1718 AV,
529 1643 654 1706 Λίκτου
677 1649 718 1717 R,
746 1643 876 1714 Λυκίας
898 1646 935 1706 Β.
1053 1651 1081 1705 3.
1105 1639 1296 1724 Ἀρσινοίτης
1320 1646 1384 1717 RV,

222 1733 419 1821 Ἀρσινοήτης
428 1745 462 1812 Α,
476 1735 634 1820 Ἀρνοίτης
644 1739 688 1800 Π.
709 1740 774 1801 ride
790 1741 829 1799 ad
841 1734 950 1817 Νινύη.
1029 1743 1057 1798 6.
1063 1731 1154 1817 χιύρα
1168 1740 1250 1818 PpR,
1262 1736 1385 1816 ’χωρίον

225 1837 288 1896 AV.
373 1829 464 1914 χώρα
485 1829 626 1910 [μεταξύ]
647 1833 709 1892 τῶν
728 1834 764 1892 Β.
880 1838 909 1892 7.
927 1826 1092 1912 τριακόσια
1112 1835 1210 1912 inepte
1230 1835 1382 1892 Strabonis

225 1931 300 1989 libri.
397 1919 462 1988 οἷον
480 1931 518 1987 V.
616 1932 644 1986 8.
659 1920 830 2004 Ἀρσοηνύν
849 1928 889 1997 Μ,
914 1906 1082 2005 ἅρσύδινον
1101 1928 1136 1995 R,
1157 1919 1326 2004 ιίρσύσινον
1345 1927 1383 1996 V,

189 2085 198 2104 χ
225 2015 395 2102 ἇρσνσιιιύν
414 2023 448 2080 Α.
563 2014 617 2095 ιδ]
638 2042 668 2099 p.
690 2023 757 2080 645.
786 2021 834 2078 ubi
860 2020 896 2080 de
918 2021 991 2078 Clrio
1018 2021 1111 2079 insula
1131 2024 1203 2098 agit:
1230 2011 1294 2078 εἶτα
1314 2016 1381 2079 Μί-

226 2115 316 2174 λαινα
336 2107 427 2192 ἄκρα,
449 2105 522 2172 καθ’
543 2106 582 2190 ἣν
600 2111 639 2172 τὰ
658 2107 750 2192 Ψύρα
769 2113 863 2190 νῆσος
882 2108 943 2171 «tut
964 2109 1151 2191 πεντήκοντα
1171 2109 1308 2172 σταδίων
1327 2114 1383 2191 τῆς

226 2200 325 2284 ἄκρας
344 2239 384 2250 -
403 2197 461 2264 ela‘
481 2199 500 2284 ἡ
520 2198 681 2285 Ἀριουσία
701 2199 807 2285 χώρα,
835 2212 963 2285 τραχεῖα
987 2204 1039 2266 καί
1064 2201 1218 2283 ἀλίμενος,
1245 2203 1382 2265 σταδίων

226 2291 301 2359 ὅσον
320 2295 515 2378 τριακοσίων,
537 2290 620 2356 οίνον
640 2291 768 2377 ἄριστον
788 2294 929 2378 φίρουσα
947 2301 1010 2358 τῶν
1023 2297 1218 2377 Ἑλληνικῶν.
1243 2301 1310 2358 binc
1329 2301 1381 2358 viri

226 2393 313 2462 docti,
334 2411 396 2449 cum
411 2392 556 2467 Amysiam
570 2393 686 2452 aliunde
700 2394 842 2470 cognitam
863 2413 920 2450 non
939 2393 1087 2464 haberent,
1108 2394 1187 2473 apud
1201 2393 1380 2472 Stephanum

154 2515 156 2518 ·
218 2481 370 2565 Ἀρσασία
396 2504 432 2544 ex
449 2477 609 2563 Ἀριονσία
636 2496 800 2566 corruptum
826 2506 891 2546 esre
916 2489 1055 2567 suspicati
1081 2496 1161 2556 sunt,
1190 2507 1249 2545 non
1275 2487 1380 2546 facturi

224 2581 338 2658 opinor,
355 2579 379 2637 ri
393 2580 553 2654 Aruyenum
569 2581 663 2637 uinum
680 2581 764 2638 simul
783 2599 847 2638 cum
861 2581 975 2638 Ariusio
995 2582 1210 2639 commemorari
1230 2581 1381 2640 scivissent

224 2674 377 2732 aGaleno
403 2671 451 2732 ed.
472 2673 569 2730 Kubn.
591 2673 647 2730 vol.
668 2676 686 2730 6
706 2694 736 2752 p.
756 2677 824 2732 276.
851 2669 898 2731 tut
925 2669 958 2730 δὲ
984 2673 1039 2750 τῆς
1056 2666 1163 2741 Ἀσίας
1186 2669 1219 2731 ἐκ
1242 2670 1300 2749 μίν
1323 2673 1381 2732 τοῦ

221 2763 373 2846 προτέρου
396 2760 526 2844 (γίνοας)
546 2758 689 2841 Λέσβιός
710 2785 742 2824 τε
767 2762 817 2824 καί
837 2757 1022 2844 Ἀριούσιος,
1049 2761 1082 2824 ἐκ
1105 2762 1139 2824 δι’
1157 2765 1214 2824 τού
1233 2761 1379 2844 διυτίροα

225 2852 435 2935 Τιτακαζηνύς
463 2880 495 2918 τι
522 2856 573 2918 καί
595 2851 756 2935 Ἀρσνίνός
781 2851 981 2936 (Ἀρσυηνύς).
1012 2859 1082 2916 ibid.
1103 2878 1133 2937 p.
1153 2863 1220 2918 335.
1253 2856 1379 2940 Σαβίνῳ

224 2947 257 3009 ot
277 2947 328 3008 καί
340 2945 495 3033 Ἀδριανῷ
517 2945 727 3029 Τιταναζηνός
745 2969 778 3010 τε
798 2949 849 3010 καί
863 2945 1023 3030 Ἀρσυϊνδς
1039 2945 1230 3029 (Ἀρσυηνὸς)
1251 2949 1378 3012 ίοίκασι.

222 3035 342 3101 τούτων
372 3030 428 3102 ούν
454 3041 587 3123 μετρίως
616 3039 860 3102 παλαιωθίντων
889 3041 984 3103 πίνειν
1008 3040 1071 3122 χρὴ
1098 3039 1173 3111 τούς
1202 3041 1380 3124 πρεσβύτας

222 3125 290 3193 ὅσοι
309 3130 353 3212 μὴ
374 3127 454 3192 πάνυ
474 3153 506 3213 γε
526 3134 663 3214 κεφαλὴν
682 3131 814 3214 ἰσχυρὰν
832 3131 968 3212 ἔχουσιν·
995 3127 1040 3207 οἷς
1060 3130 1088 3193 δ’
1109 3129 1236 3214 ίσχυριί,
1258 3132 1380 3208 τούτοις

226 3221 395 3304 Φαλερῖνύς
419 3248 451 3286 τε
476 3224 527 3286 καί
552 3227 771 3308 Σουρριντῖνος
789 3220 962 3308 Ἀριούσιός
985 3249 1017 3287 τε
1043 3226 1094 3286 καί
1113 3224 1256 3303 Λέσβιος
1280 3224 1379 3308 incuri-

223 3318 308 3379 διιοι.
335 3323 373 3380 ib.
394 3343 425 3400 p.
446 3327 513 3383 806.
539 3312 585 3380 ὅτι
610 3315 744 3398 Τιβηνός
766 3318 831 3380 ίστι
856 3323 996 3390 τοιαύτας
1016 3318 1067 3380 καί
1087 3316 1103 3381 ὃ
1122 3316 1284 3396 Ἀρσύϊνος
1305 3317 1379 3400 (Ἀρ-

223 3409 349 3491 σνηνδς)
370 3412 421 3474 καί
440 3408 505 3491 μετ’
527 3409 677 3483 αύτούςὸ
702 3409 919 3493 Τιτακαζηνύς.
940 3417 996 3474 vol.
1017 3422 1054 3474 10
1073 3438 1104 3495 p.
1117 3417 1185 3476 483.
1206 3411 1221 3475 ὃ
1244 3414 1380 3491 Σαβῖνος

220 3502 277 3581 μὲν
300 3503 349 3566 tut
374 3508 430 3584 τῆς
451 3503 596 3578 Ἰταλίας,
620 3501 780 3584 Ἀρσύνιος
805 3502 995 3588 (Ἀρσαηνδς)
1022 3506 1055 3567 δι’
1079 3506 1158 3567 κατὰ
1183 3505 1239 3586 τὴν
1260 3504 1378 3568 Ἀσίαν.

222 3601 260 3658 ib.
281 3619 312 3678 p.
333 3600 401 3659 485.
432 3595 546 3675 ὁμοίιος
571 3597 604 3660 δὲ
622 3595 785 3680 Ἀρσύνιόν
805 3596 996 3681 (Ἀρσνηνόν)
1022 3622 1054 3660 τε
1080 3600 1132 3661 καὶ
1160 3597 1378 3679 Τιτακαζηνύν.

222 3696 260 3753 ib.
286 3714 316 3771 p.
338 3697 404 3753 833.
437 3689 485 3752 tut
509 3693 565 3770 τῆς
588 3689 694 3763 Ἀσίας
720 3684 737 3754 ὃ
762 3713 793 3752 τε
822 3695 986 3771 Τιβηκῖνος
1013 3695 1085 3771 (leg.
1110 3691 1258 3772 Τιβηνὸς)
1285 3692 1336 3752 καί
1361 3689 1377 3754 ὃ

225 3780 434 3862 Τιτακαζηνδς
449 3782 500 3844 καί
515 3785 618 3864 τρίτος
632 3780 696 3863 μετ’
712 3781 828 3855 αύτούς
842 3782 857 3846 ὁ
872 3781 1032 3864 Ἀρσαῖνός
1047 3779 1252 3866 (Ἀρσι·ηνύς).
1274 3790 1329 3846 ναί.
1341 3795 1376 3848 11

221 3900 251 3958 p.
264 3883 312 3940 87.
337 3873 353 3936 ύ
375 3877 510 3953 Σαβῖνος
528 3877 579 3938 καί
593 3875 755 3957 Ἀδριανὸς
775 3876 827 3938 καί
839 3874 1000 3958 Ἀρσύϊνος
1021 3873 1221 3958 (Ἀρσυηνύς).
1251 3882 1377 3959 denique

220 3973 277 4030 vol.
294 3976 331 4030 12
351 3993 381 4050 p.
396 3975 462 4032 517.
492 3967 700 4049 Τιτακαζηνὸς
718 3969 770 4030 καί
783 3965 965 4052 Ἀρσοήνιος
986 3967 1175 4051 (Ἀρσιιηνδς)
1196 3971 1248 4032 καί
1261 3968 1378 4053 Ἀριού-

221 4083 296 4132 σιος.
317 4083 353 4122 ex
371 4064 472 4123 horum
493 4067 620 4123 locorum
641 4067 856 4144 comparatione
873 4065 928 4124 boe
944 4076 1022 4125 certe
1037 4068 1204 4144 intelligitur
1219 4068 1377 4126 rectissime

221 4157 299 4236 apud
312 4158 491 4235 Stephanum
512 4160 569 4234 legi
584 4151 743 4234 Ἀρσασία,
766 4160 814 4236 qui
831 4177 895 4216 cum
912 4159 949 4216 ad
962 4159 1114 4218 Strabonis
1129 4159 1216 4218 fidem
1231 4171 1377 4239 prouocet,

220 4259 270 4307 aut
289 4248 368 4323 apud
388 4249 464 4306 bunc
477 4244 628 4329 Ἀρσι·σία
648 4252 784 4330 scripturn
805 4254 934 4331 repperit
953 4271 1007 4330 pro
1027 4273 1063 4312 eo
1084 4253 1162 4330 quod
1181 4273 1258 4311 nunc
1274 4255 1379 4331 legitur

210 4334 384 4419 Ἀριοοσία,
412 4353 462 4401 aut
482 4344 586 4400 Ariusii
611 4352 639 4400 et
658 4343 780 4419 Arryeoi
804 4347 865 4422 agri
889 4349 1054 4404 memoriam
1075 4349 1261 4406 coniunxerat
1281 4350 1376 4426 epito-

218 4435 335 4492 matoris
356 4435 443 4515 culpa
462 4437 652 4494 obliteratam.
679 4436 808 4496 diversos
827 4440 912 4508 euim,
933 4459 1105 4516 quamquam
1121 4441 1184 4500 eine
1200 4440 1288 4498 dubio
1304 4460 1377 4498 con·

218 4528 322 4604 tiguos,
341 4526 431 4590 luisse
444 4548 529 4606 agros
542 4547 559 4586 e
570 4527 683 4586 Galeuo
697 4531 871 4606 intelligitur,
888 4542 918 4590 ut
930 4534 979 4610 qui
996 4533 1080 4592 aliato
1095 4534 1150 4590 uim
1164 4534 1274 4592 Ariusio
1290 4533 1376 4591 aliam
