2902 5070
761 263 836 336 194

220 443 348 534 ἐκλήθη
371 445 410 515 δὲ
429 443 487 512 καί
505 439 627 532 Ἰῶνη,
651 427 804 532 άπὸτῆς
824 439 907 523 Ἰοῦς
929 440 1211 534 προσπλευσάσης
1232 446 1288 514 καί
1303 472 1380 531 μει-

219 561 321 653 νάσης
344 558 475 651 [αὐτῆς]
499 561 577 630 ἐκεῖ.
622 558 751 650 ἐκλήθη
773 562 812 631 δὲ
832 563 891 630 καῖ
912 559 1074 651 Μίνωα,
1103 560 1156 631 ὅτι
1179 561 1299 644 Μίνως
1319 565 1381 634 σίιν

218 689 290 762 ταῖς
310 677 472 771 ἀδελφοῖς
491 678 617 768 Αἰακῷ
638 680 695 748 καί
712 676 945 764 Ῥαδαμάνθυι
976 679 1035 748 λῶν
1063 682 1101 762 ἐξ
1128 677 1232 751 αὑτοῦ
1257 680 1380 772 ταύτην

105 831 108 838 ·
219 798 386 870 ἐκάλεσεν.
420 797 520 868 ἔνθεν
540 799 597 867 καί
618 800 656 867 τὰ
679 804 740 868 τοῦ
756 786 927 889 Κρηταίου
943 799 1030 880 Διὸς
1050 796 1130 890 παρ’
1148 798 1262 881 αὐτοῖς
1280 795 1378 883 εἶναι,

194 912 260 989 εῖίν
280 920 338 987 καί
358 915 442 988 καθ’
462 914 551 1009 ἡμᾶς
566 917 707 988 ἐκάλουν
722 923 876 1007 Μαρνᾶν,
900 914 1158 1008 ἑρμηνευόμενον
1172 927 1377 1012 Κρηταγενῆ.

218 1038 280 1117 τάς
310 1037 505 1126 παρθένους
530 1036 593 1128 γάρ
621 1036 727 1118 οὕτως
753 1043 884 1128 Κρῆτες
910 1035 1199 1126 προσαγορεύουσι
1220 1038 1376 1129 Μοιρνάν.

219 1151 239 1226 ὁ
266 1153 408 1243 πολίτης
436 1157 592 1238 Γαζαῖος.
638 1155 790 1243 λέγονται
823 1157 880 1225 καὶ
911 1165 939 1224 Γ
937 1154 1055 1245 οιζηνοί
1083 1154 1300 1246 παραλόγως,
1332 1157 1379 1242 ῶς

217 1271 429 1355 Παυσανίας.
473 1274 626 1361 λέγονται
648 1273 704 1341 καί
726 1275 868 1356 Γαζῖται
889 1275 982 1364 παρά
1004 1282 1076 1356 τοῖς
1098 1274 1278 1364 ἐγχωρίοις.
1320 1280 1378 1348 καί

220 1389 255 1461 οῖ
274 1391 415 1479 κέραμοι
437 1392 592 1479 λέγονται
613 1393 766 1474 Γαζῖται.
799 1389 858 1459 καί
879 1391 969 1460 ἐστιν
990 1390 1110 1478 ὅμοιον
1130 1399 1177 1483 τῷ
1190 1393 1377 1487 Αἰγινῆται

181 1538 207 1577 ιο
219 1512 277 1580 καὶ
289 1508 468 1599 Αἰγιναῖαι
482 1509 566 1578 κατά
582 1508 643 1599 τῆν
665 1507 846 1600 διαφοράν,
869 1509 1018 1580 ἐναντίον
1040 1512 1078 1580 δὲ
1099 1512 1139 1580 τά
1159 1517 1226 1581 τῶν
1246 1513 1375 1587 τύπων·

218 1627 252 1699 σῖ
278 1632 341 1716 μὲν
366 1627 429 1720 γάρ
456 1631 596 1697 πολῖται
622 1625 806 1717 Αἰγινῆται
833 1629 889 1696 καί
917 1631 1076 1712 Γαζαῖοι,
1107 1628 1139 1698 οῖ
1169 1634 1208 1702 δὲ
1235 1635 1377 1721 κέραμοι

212 1749 361 1832 Γαζῖται
385 1746 445 1815 καί
464 1745 654 1835 Αἰγιναῖαι.
699 1745 765 1816 εἶσί
790 1748 848 1817 καὶ
874 1747 933 1815 διά
960 1753 1021 1818 τοῦ
1047 1776 1069 1838 η
1090 1746 1191 1831 ἔθνος
1213 1755 1376 1822 Γαλατῶν

215 1869 456 1960 γρυσοφορσῦν,
479 1861 526 1946 ῶς
539 1862 729 1955 Εὐφορίων.
764 1867 919 1954 λέγονται
941 1867 998 1935 καὶ
1019 1866 1078 1934 διά
1096 1872 1157 1935 τοῦ
1179 1869 1375 1954 ἇΓαζιῖται,

217 1982 264 2066 ῶς
285 1983 488 2074 πολυίστωρ.
533 1981 606 2053 ἔστι
629 1984 687 2053 καὶ
708 1981 802 2067 Γάζα
823 1983 977 2070 τείχισμα
1001 1981 1142 2076 Θρᾴκης.

179 2134 204 2174 ιε
303 2100 486 2186 Γάζακα,
515 2099 619 2183 πόλις
648 2100 785 2192 μεγίστη
811 2107 871 2192 τῆς
891 2103 1046 2192 Μηδίας,
1078 2102 1125 2186 ὡς
1155 2105 1376 2198 Κουάδρατος

216 2223 251 2292 ἒν
284 2218 396 2311 ὀγδόῳ
427 2225 628 2311 Παρθικῶν.
672 2216 849 2310 Ἀρριανὸς
882 2223 921 2292 δὲ
950 2219 1062 2312 κώμην
1091 2222 1238 2315 μεγάλην
1272 2223 1375 2318 αὐτήν

215 2365 318 2432 φησιν
333 2341 369 2411 ἐν
384 2343 571 2426 Παρθικῶν
584 2335 731 2429 τετάρτῳ
753 2340 810 2408 καὶ
831 2337 946 2421 ἑνικῶς
965 2347 1047 2434 ε(τῆς
1061 2341 1240 2427 Γαζάκου”
1258 2345 1373 2434 λέγων.

214 2459 255 2530 τὸ
276 2445 416 2530 ἐθνικῶν
436 2454 638 2546 Γαζακηνός,
662 2453 709 2538 ῶς
730 2463 790 2526 τοῦ
812 2456 962 2542 Μάζακα
985 2460 1200 2551 Μαζακηνός.

302 2565 451 2662 Γάζος,
473 2573 575 2658 πόλις
592 2572 724 2665 Ἰνδική,
746 2578 831 2645 κατά
854 2574 1024 2647 Διονύσου
1045 2580 1269 2672 πολεμήσασα
1288 2586 1373 2668 μετὰ

176 2693 405 2786 νοΔηριάάαυ,
436 2695 549 2764 λινοῦν
576 2691 697 2778 ἔχουσα
724 2699 846 2778 τεῖχος,
873 2698 967 2765 καθά
991 2698 1200 2790 [Διονύσιος]
1224 2703 1259 2772 ἐν
1279 2703 1372 2795 τρίτῃ

214 2819 437 2900 Βασσαρικῶν

342 2927 488 3019 Γήρειαν
505 2927 641 3019 Ῥσδόην
661 2955 699 2999 τε
719 2932 776 3001 καὶ
797 2928 836 3000 οἳ
853 2933 1039 3020 λινοτειχέα
1062 2937 1220 3024 Γάζαν...

260 3081 266 3088 ·
342 3046 439 3118 τοῖόν
458 3074 517 3134 μιν
537 3051 700 3117 κλιοστοῖο
723 3051 819 3120 λινοῦ
840 3055 920 3143 πέρι
941 3062 1048 3142 τεῖχος
1070 3059 1185 3148 ἐέργει,

212 3248 414 3258 ——.-.-—

213 3367 478 3440 manandum.
557 3377 585 3432 2.
597 3365 694 3455 αὐτῆς
706 3378 823 3436 seclusit
834 3379 874 3439 M.
944 3375 1059 3440 Μινώα
1073 3383 1147 3442 libri.
1225 3383 1369 3450 &Pada-

211 3476 331 3554 μάνθυι
343 3482 384 3550 Μ,
404 3461 611 3558 Ῥαάαμάνθῆ
624 3483 659 3552 R,
675 3478 886 3561 Ῥωιλαμάνθει
901 3495 934 3549 A.
1012 3493 1040 3549 4.
1053 3488 1088 3551 τὸ
1103 3493 1215 3553 οω.Π.
1294 3493 1370 3560 A&

211 3570 263 3630 καί
274 3572 444 3643 Salmasius,
458 3565 475 3634 ὃ
487 3570 538 3632 καί
550 3575 610 3644 AB,
624 3573 675 3634 καί
688 3580 726 3638 V.
795 3580 935 3660 Μαρνιῖν
946 3583 981 3653 R,
995 3581 1135 3662 Μαρνάν
1144 3589 1206 3646 AV.
1220 3589 1257 3648 de
1268 3591 1369 3650 Marna

212 3664 251 3723 cf.
263 3665 383 3724 Eckhel.
393 3667 460 3725 DN.
473 3671 491 3726 3
502 3688 531 3745 p.
543 3669 610 3726 450.
626 3681 655 3728 et
666 3671 859 3750 Epiphanium
872 3678 976 3736 Ancor.
988 3698 1017 3756 p.
1030 3684 1131 3739 109.c:
1149 3679 1290 3759 Μαρνιῖς
1301 3683 1368 3742 ‹505-

209 3756 263 3826 λος
274 3751 434 3836 Ἀστερίου
451 3759 508 3816 τοῦ
520 3756 647 3840 Κρητὸς
659 3761 746 3840 παρὰ
760 3763 914 3838 Γαζαίοις.
992 3769 1143 3848 Κρητανῆ
1156 3774 1192 3832 R.
1271 3782 1299 3835 6.
1312 3775 1369 3848 τὰς

210 3842 387 3926 παρθένους
401 3846 475 3927 γὰρ]
498 3852 643 3932 corrupta
658 3855 732 3915 haec
745 3868 775 3916 et
788 3858 896 3918 luxata.
977 3867 1083 3922 10.11.
1098 3861 1149 3922 καί
1161 3865 1318 3944 Αἰγιναῖαι
1331 3905 1363 3916 -

210 3937 262 3998 καί
275 3937 402 4011 Γαζαῖοι
418 3943 487 4002 add.
499 3942 601 4004 HRV.
680 3954 728 4008 10.
742 3948 878 4020 ἐναντίος
890 3954 926 4013 R.
1006 3959 1053 4013 13.
1065 3951 1244 4037 Εὐφορίων]
1260 3961 1307 4021 Fr.
1319 3967 1366 4023 34.

210 4037 257 4092 15.
278 4031 309 4092 Γ
306 4029 417 4104 αζακαι
438 4036 474 4094 V.
563 4043 609 4097 17.
630 4042 828 4117 παρθενικιῦν
846 4043 890 4114 Π,
911 4047 1090 4122 παρθενιῶν
1108 4049 1162 4128 Pp.
1247 4058 1294 4112 19.
1316 4075 1366 4110 πο·

208 4118 371 4202 λεμήσασα
391 4127 454 4195 RV,
474 4127 668 4204 πολεμίσασα
686 4137 720 4192 A.
799 4141 846 4194 20.
860 4132 1027 4207 Διονύσιος
1047 4141 1115 4198 add.
1130 4142 1166 4200 R.
1244 4151 1291 4205 21.
1306 4147 1366 4206 Βα-

209 4219 395 4295 σαρικῶνΒ.
473 4224 521 4278 22.
536 4218 567 4278 Γ
564 4214 669 4300 η’ρωιίν
681 4244 713 4284 τε
733 4231 767 4285 A.
845 4226 1009 4305 λινοτειχία
1025 4233 1365 4318 RetFalckenburgius,

208 4307 352 4386 ...τείχεα
372 4313 434 4368 AV.
551 4319 598 4373 23.
619 4315 769 4376 κλωστοῖα
790 4321 825 4388 R,
856 4321 1021 4382 κλιιυστοῖο
1042 4328 1078 4394 V,
1109 4327 1254 4390 κλαυτοῖο
1274 4339 1308 4392 A.

207 4419 305 4476 ...χος
324 4404 361 4461 V.
