2902 5070
725 217 800 291 24⁴

185 400 300 492 ράχιον
320 401 646 485 μετονομασθεῖσαν,
676 395 780 466 πόλιν
800 399 859 485 τῆς
881 391 1101 474 Μακεδονίας
1119 390 1267 482 μεγάλην
1288 395 1346 463 καλ

186 515 370 602 εὐδαίμονα
391 516 474 584 κατά
495 513 614 604 κράτος
635 511 822 605 αλρσῦσιν”.
853 511 1074 601 Ἀλέξανδρος
1089 513 1127 582 δι’
1144 511 1179 580 ἐν
1194 507 1345 602 Εὐρώπῃ

184 637 269 724 μετά
283 640 343 704 τοῦ
358 639 426 703 &A
431 631 530 723 υσρά
535 659 626 716 χιον
644 629 747 722 αὐτὴν
764 635 860 701 καλεῖ
876 631 1093 725 αΔυσραχίσυ
1103 627 1131 700 τ’
1140 627 1347 716 Ἐπίδαμνος

187 753 239 826 ἐπ’
262 751 424 844 ἀγχιάλου
443 751 569 836 χθονός
591 747 727 839 άκτῆς”.
770 747 842 819 ἔστι
873 751 931 818 καὶ
952 743 1037 838 άλλη
1059 755 1262 840 Λακωνικῆς
1282 748 1346 834 μία

161 879 253 942 orus
267 871 307 962 ρ’.
343 874 475 960 λέγεται
496 871 534 940 δὲ
556 865 648 959 καὶὴ
663 866 755 958 χιόρα
772 874 831 958 τῆς
843 865 1004 958 Ἰλλυρίας
1022 867 1245 958 Δυρραχία.
1277 865 1346 937 Εὖ·

186 991 316 1084 φορίων
343 983 472 1082 «άστεα
492 985 680 1078 Δυρραχίης
707 987 823 1054 τεκαὶ
844 983 948 1054 ι’ίθνεα
974 983 1242 1055 Ταυλαντίνων”.
1286 989 1344 1056 καί

187 1113 290 1200 δῆλον
307 1107 361 1178 ότι
378 1102 567 1197 Δυρράχιος
582 1104 621 1172 τό
639 1101 760 1172 τούτου
780 1099 965 1194 άρσενικόν,
986 1097 1032 1184 ὥς
1052 1107 1114 1172 τοῦ
1129 1101 1346 1192 Ἀνακτόριον

185 1230 224 1298 τό
242 1223 466 1317 Ἀνακτόρισς,
488 1217 671 1306 Βυζάντιον
694 1217 886 1305 Βυζάντιος,
912 1217 1057 1310 Θοόρισν
1076 1219 1229 1312 Θούριος,
1252 1220 1344 1292 Καύ-

187 1374 262 1436 ριον
295 1342 455 1432 Κούριος.
492 1339 737 1432 Ἐρατοσθένης
768 1338 795 1428 γ’
826 1339 1131 1431 νεωνραφουμένων
1166 1336 1345 1434 αἐχόμενοι

151 1493 176 1531 ιο
189 1463 221 1534 δ’
254 1462 386 1533 οἰκοῦσι
413 1456 632 1529 Ταυλάντιοι.
675 1457 778 1540 πόλις
812 1461 851 1528 δὲ
875 1455 1025 1548 Ἑλληνίς
1051 1455 1257 1542 Ἐπίδαμνος
1286 1458 1345 1527 δαί

185 1577 387 1673 χερρονήσου
412 1584 472 1669 τῆς
498 1578 704 1666 καλουμένης
731 1577 931 1669 Δυρραχίου.
974 1580 1124 1662 ποταμοὶ
1151 1579 1189 1648 δὲ
1210 1575 1345 1667 Δρίλων

187 1703 245 1769 καί
276 1698 398 1781 Ἅιδας,
429 1699 508 1785 περὶ
538 1690 597 1778 οὓς
624 1693 658 1764 oi
684 1693 830 1781 Κάδμου
856 1696 913 1763 καί
937 1691 1116 1786 Ἁρμονίας
1139 1692 1248 1787 τάφοι
1275 1693 1344 1763 δεί-

187 1815 356 1888 κνυνται”.
402 1817 492 1903 ὅμως
519 1817 559 1886 δὲ
578 1820 635 1884 νῦν
657 1811 865 1905 Δυρραχηνοί
886 1814 1049 1900 λέγονται.
1094 1813 1180 1884 οὕτω
1202 1814 1266 1903 γάρ
1288 1813 1345 1881 καί

188 1936 363 2025 Βάλακρος
384 1935 419 2005 δν
434 1936 684 2013 Μακεδονικοῖς
707 1932 792 2023 φησί
814 1933 894 2026 «καί
914 1928 1040 2000 τούτων
1061 1929 1097 2000 αλ
1118 1928 1239 2014 πόλεις
1254 1939 1343 2022 Δυρ-

185 2126 387 2139 -——-

188 2241 216 2293 2.
237 2227 405 2307 εὐδαίμονα
430 2218 528 2288 οὖσαν
552 2226 632 2288 κατὰ
659 2231 693 2288 C.
811 2235 838 2288 3.
859 2225 1056 2308 Δυσραχίου]
1082 2231 1119 2289 V.
1146 2233 1240 2291 Anall.
1261 2233 1341 2290 Alex.

187 2348 218 2405 p.
236 2327 303 2385 374.
381 2325 409 2381 4.
428 2321 619 2400 Λακωνικῆς
638 2324 703 2392 RV,
721 2321 893 2398 Λακωνικὴ
913 2323 971 2381 As.
1049 2327 1077 2382 5.
1098 2321 1265 2403 Δυρραχία
1284 2325 1343 2393 RS,

188 2415 356 2496 Δυσραχιά
376 2417 436 2474 AV.
529 2420 557 2475 7.
578 2407 758 2493 Δυρράχιος
777 2415 809 2485 S,
827 2409 987 2492 Δυριίχιος
1006 2416 1071 2484 RV,
1091 2408 1272 2492 Δυσράχιος
1290 2418 1324 2475 A.

188 2502 311 2570 ἕθνικόν
335 2529 389 2588 pro
414 2500 574 2586 ἀρσενικόν
598 2508 634 2566 Β.
742 2500 941 2584 Ἀνακτόριον
965 2507 1006 2577 Β,
1038 2501 1209 2586 ἀνάκτορον
1233 2509 1267 2566 S.

187 2613 215 2664 9.
233 2596 474 2678 Ἐρατοσθένης]
505 2601 703 2660 Eratosthenis
735 2601 928 2658 testimonium
961 2599 1025 2656 loco
1057 2619 1109 2657 suo
1140 2609 1246 2656 motum
1277 2609 1343 2678 post

186 2697 314 2774 Dexippi
331 2693 446 2771 χρῆσιν
466 2693 712 2770 transponendum
733 2694 854 2755 videtur.
963 2697 1010 2751 12.
1024 2685 1120 2760 Ἀῶσς
1139 2693 1175 2761 Β,
1195 2685 1291 2761 Λάυς
1310 2692 1341 2749 S.

187 2793 292 2848 1213.
313 2784 381 2865 περὶ
407 2777 461 2853 οὓς
480 2817 518 2826 -
537 2776 633 2862 τάφοι
659 2780 828 2843 δείκνυνται
855 2785 885 2840 in
911 2785 968 2841 imo
993 2786 1121 2860 margine
1146 2785 1234 2842 habet
1253 2786 1285 2843 S.

187 2885 233 2938 13.
254 2873 470 2954 Δυρραχηνυί]
496 2877 617 2934 Prorsus
644 2879 780 2936 inusitata
805 2879 877 2935 haec
896 2876 1017 2951 Illyricis
1042 2879 1204 2954 ceterisque
1230 2877 1342 2934 illarum

187 2975 335 3047 regionum
350 2971 482 3044 gentibus
499 2969 592 3026 forma
609 2979 667 3040 est;
687 2971 784 3046 itaque
803 2972 902 3026 nescio
924 2988 961 3026 an
982 2979 1010 3028 et
1031 2970 1077 3026 lric
1096 2981 1126 3028 et
1145 2972 1174 3026 iu
1196 2971 1342 3046 sequenti·

187 3067 240 3120 hus
251 3058 448 3137 Δυρραχΐνος
459 3063 665 3117 restituendum
676 3063 721 3130 sit,
737 3080 820 3137 quam
834 3061 964 3130 sonuum,
978 3064 1033 3119 etsi
1045 3063 1167 3120 maxime
1180 3063 1218 3120 ad
1229 3063 1342 3120 Italicas

188 3165 217 3212 et
242 3154 354 3211 Siculas
381 3156 465 3210 urlses
493 3163 619 3231 spectat,
648 3173 682 3212 ne
710 3157 745 3211 ab
771 3154 947 3228 Illyricorum
976 3153 1091 3230 quirlem
1117 3156 1263 3231 gentilium
1290 3175 1342 3211 usu

188 3247 311 3304 alienant
338 3247 428 3303 fuisse
455 3246 559 3302 docent
580 3246 767 3324 complurium
788 3246 960 3324 populorum
982 3247 1111 3315 nomina,
1131 3267 1158 3305 e.
1179 3267 1204 3304 c.
1225 3244 1343 3305 Διυνετ-

186 3345 276 3407 τῖνοι,
302 3333 519 3416 Ἀμβρακῖνσι,
546 3336 723 3412 Κεστρῖνοι,
751 3332 924 3416 Ἀργυρῖνοι
956 3337 1021 3394 aliu.
1054 3339 1166 3396 accedit
1192 3341 1342 3397 latinorum

186 3434 356 3509 scriptorum
378 3451 455 3499 ursus,
477 3441 507 3486 ut
529 3431 623 3488 Cicer.
635 3431 727 3508 Epist.
743 3432 780 3488 ad
795 3435 851 3488 Att.
864 3437 892 3500 3,
904 3436 950 3488 22.
972 3441 1001 3487 et
1013 3431 1098 3487 Plinii
1113 3433 1179 3489 ΝΗ.
1194 3437 1240 3500 14,
1253 3437 1281 3500 2,
1296 3437 1342 3490 27.

188 3527 236 3599 qui
257 3535 352 3580 tamen
372 3527 419 3590 33,
438 3529 466 3589 7,
486 3529 534 3580 23.
555 3523 581 3578 D
588 3523 788 3596 yrrlraclreu
797 3543 835 3579 us
855 3523 951 3581 habet.
1049 3525 1095 3581 14.
1118 3519 1284 3602 Βάλακρος
1304 3526 1343 3592 Μ,

192 3610 352 3689 Βάλιιγρυς
366 3614 397 3671 S.
419 3615 574 3690 Balagrum
588 3615 840 3672 Macedonicorum
858 3617 1026 3693 scriptorem
1041 3613 1165 3672 advocat
1177 3617 1342 3696 Stephanus

186 3728 209 3764 s.
233 3727 256 3764 v.
283 3697 449 3778 Ἅμολβος·
475 3702 640 3784 Βάλαγρσς
664 3706 889 3765 Μακεδονικῶν
912 3701 953 3781 ff.
987 3709 1053 3764 item
1085 3727 1108 3764 s.
1130 3725 1156 3764 ι.
1176 3699 1342 3784 Ὅλβηλυς·

186 3793 273 3864 πόλις
285 3794 494 3864 Μακεδονίας.
516 3793 681 3876 Βάλαγρος
693 3795 896 3876 Μακεδονικῇ
910 3799 980 3876 (leg.
993 3795 1245 3876 Μακεδονικοῖς).
1267 3801 1341 3860 idem

185 3909 290 3946 nomen
315 3889 393 3965 apud
418 3891 550 3947 Plrotium
576 3891 652 3948 Bibl.
674 3895 740 3948 ltili.
768 3911 798 3969 p.
820 3896 890 3960 111,
915 3897 962 3950 25.
989 3893 1134 3949 enimvero
1160 3893 1341 3951 scribendum

186 3982 291 4056 ubique
307 3973 479 4056 Βάλακρος,
503 4002 577 4058 quae
591 3984 779 4041 Macedonica
800 3982 893 4042 sorma
913 3993 956 4042 est
972 4004 1025 4062 pro
1041 3986 1145 4040 usitata
1164 3979 1340 4060 (Βάλακρος,

186 4074 265 4129 cuius
287 4072 408 4128 nominis
427 4074 516 4130 multa
537 4077 669 4155 exempla
689 4085 764 4133 sunt.
786 4074 824 4131 os.
846 4094 869 4133 s.
885 4095 910 4132 v.
935 4071 1057 4153 Βίρυια.
1077 4087 1155 4134 recte
1176 4078 1262 4152 igitur
1281 4071 1340 4132 Βά-

184 4163 298 4241 λακρος
325 4165 460 4242 scripturn
486 4176 529 4223 est
556 4168 636 4245 apud
655 4168 806 4242 Polybium
827 4173 874 4236 27,
894 4173 921 4236 8,
942 4173 970 4226 5.
993 4171 1133 4246 Harpoer.
1155 4189 1185 4246 p.
1207 4172 1272 4236 132,
1293 4172 1339 4226 26.

184 4256 315 4311 Plrotium
331 4278 354 4312 s.
368 4277 393 4313 v.
409 4252 564 4336 Νικάνωρ.
586 4261 688 4317 eadum
710 4262 802 4316 tonna
818 4261 967 4318 reddenda
983 4273 1027 4319 est
1041 4264 1202 4319 Pausaniae
1215 4266 1242 4329 2,
1253 4264 1299 4327 26,
1313 4269 1340 4319 ll.

184 4349 231 4403 ubi
258 4347 437 4420 Cyrenaicae
466 4351 542 4406 uicus
569 4359 741 4408 memoratur
765 4346 938 4428 Βαλάηιραι,
967 4363 994 4410 et
1015 4355 1137 4428 Syuesio
1158 4354 1251 4430 Epist.
1275 4341 1340 4410 tot.
