2888 5084
610 251 685 325 139

63 437 104 506 δὲ
124 436 279 503 καλεῖται
306 433 365 502 διὰ
391 432 430 501 τό
462 425 631 522 λαμπρόν,
662 430 715 500 ότι
742 427 794 522 ἐφ’
819 427 953 521 ὑψηλοῦ
975 421 1074 514 ὅρους
1095 425 1228 514 κειμένη

64 561 138 635 τοῖς
166 549 349 642 πόρρωθεν
378 547 423 633 άνς
451 548 555 641 άστήρ
581 550 749 640 φαίνεται.
795 545 816 638 ἢ
843 545 914 616 άπὸ
937 544 1110 635 Ἀστερίου
1139 545 1230 626 τινὸς

65 673 213 764 [ήρωος].
256 673 295 742 τό
318 670 456 741 ἐθνικόν
472 665 699 758 Ἀστεριιότης,
722 669 780 736 καὶ
800 667 950 756 θηλυκόν
966 663 1150 757 Ἀστιρηίς,
1174 666 1231 733 καί

61 786 263 881 Ἀστεριεύς.

147 907 434 999 Ἀστερουσία,
458 903 536 998 όρος
553 901 686 997 Κρήτης
707 905 794 994 πρός
814 905 853 974 τό
878 901 989 973 νότιον
1009 904 1118 995 μέρος,
1142 895 1256 972 ἀπο-5

67 1029 198 1114 βλέπον
218 1026 267 1110 εἷς
288 1025 486 1110 θάλασσαν,Ι
513 1023 571 1118 ἀφ’
596 1016 636 1094 οὗ
663 1026 720 1093 καὶ
743 1021 845 1106 πόλις
867 1027 945 1114 περὶ
965 1023 1024 1094 τόν
1045 1021 1228 1093 Καύκασον

70 1146 208 1235 Σινδική
225 1142 443 1238 Ἀστερουσία
464 1147 631 1236 κέκληται,
659 1149 800 1232 Κρητῶν
828 1140 991 1223 ἀποικίας
1012 1143 1081 1212 ἐκεῖ
1101 1139 1232 1211 σταλεί-

71 1289 140 1354 σης.
174 1262 208 1335 ολ
231 1261 401 1354 οἰκήτορες
417 1260 691 1353 Ἀστερουσιανολ
710 1264 767 1332 καὶ
781 1259 1025 1350 Ἀστεροοσιεῖς
1045 1263 1102 1331 καὶ
1118 1259 1234 1330 Ἀστε-

71 1381 215 1473 ροόσισι.

149 1497 368 1590 Ἄστραια,
411 1499 512 1584 πόλις
534 1497 705 1588 Ἰλλυρίας.
749 1497 927 1588 Ἀδριανός
954 1495 1272 1588 Ἀλεξανδριάδοςιο
1360 1549 1362 1554 ,

74 1619 95 1690 ά
119 1617 231 1715 «τίδ’
253 1617 328 1704 ἕχον
340 1613 524 1708 ’Άστραιάν
544 1645 580 1689 τε
602 1618 743 1709 Δόβηρά
763 1617 835 1687 τε”.

150 1734 291 1819 Ἅστυ,
313 1733 333 1827 ἡ
357 1744 478 1820 κοινῶς
499 1735 612 1820 πόλις.
646 1737 805 1828 διαφέρει
827 1738 873 1818 δέ,
897 1735 1011 1806 ὅτιτὸ
1033 1738 1094 1820 μὲν
1114 1733 1234 1816 κτίσμα

76 1854 213 1948 δηλοῖή
237 1858 276 1927 δὲ
297 1855 400 1938 πόλις
428 1860 484 1927 καί
510 1859 589 1939 τούς
617 1856 770 1938 πολίτας.
817 1853 969 1950 αἐκλήθη
997 1858 1035 1926 δὲ
1057 1849 1165 1923 άστυ”
1190 1847 1236 1932 ὡς

81 1975 265 2067 Φιλόχορος
292 1977 327 2044 ἐν
349 1974 371 2044 ά
392 1981 451 2066 τής
467 1973 628 2058 Ἀτθίδος
657 1977 740 2070 «διὰ
761 1975 800 2045 τό
823 1974 986 2067 πρότερον
1007 1971 1157 2060 νομάδας
1178 1972 1236 2040 καί

77 2094 249 2187 σποράδην
278 2097 403 2178 ζῶντας
430 2087 515 2166 τότε
529 2097 703 2166 συνελθεῖν
725 2096 782 2164 καὶ
810 2101 928 2186 στήναι
956 2095 991 2164 ἐκ
1018 2099 1079 2184 τῆς
1106 2090 1234 2182 πλάνης
1247 2125 1271 2164 ιε

78 2215 124 2299 τίς
144 2218 206 2297 τάς
226 2214 343 2294 κοινάς
369 2212 525 2304 οἰκήσεις,
556 2214 640 2284 ὅθεν
662 2212 703 2285 οὐ
723 2214 1015 2306 μετανιστήκασιν.
1054 2212 1234 2303 Ἀθηναῖοι

78 2338 115 2405 δὲ
135 2339 268 2424 πρῶτον
287 2338 354 2402 τῶν
375 2329 487 2403 άλλισν
509 2329 592 2424 άστη
614 2335 670 2403 καὶ
691 2334 811 2417 πόλεις
840 2329 1007 2426 ήκησαν”.
1053 2329 1072 2402 ὁ
1095 2329 1237 2421 πολίτης

77 2450 180 2534 ἀστός
201 2454 259 2521 καὶ
280 2449 374 2543 ἀστή,
396 2455 454 2522 καλ
473 2449 586 2523 άστόν.
630 2449 701 2524 ἀπό
723 2461 783 2525 τοῦ
805 2452 907 2536 άστός
927 2455 966 2524 τό
989 2451 1133 2542 ἇστίτης.
1171 2461 1238 2521 Σο-

78 2575 208 2664 φοκλής
223 2569 431 2662 Ἀλεξάνδρῳ
450 2569 514 2667 αοὗ
529 2570 591 2663 γάρ
602 2599 637 2641 τι
652 2574 766 2659 θεσμοὶ
783 2580 891 2642 τοῖσιν
905 2571 1058 2652 άοτίταις
1081 2567 1237 2664 πρέπει”.

76 2689 136 2760 καί
160 2694 309 2785 αβοτήρα
330 2697 425 2761 νικᾶν
445 2687 570 2782 άνδρας
591 2688 738 2773 άστίτας.
765 2689 799 2760 τί
820 2689 882 2782 γάρ
890 2689 918 2776 ,·”
942 2689 1099 2760 ἐντεῦθεν
1121 2690 1178 2757 καλ
1197 2687 1236 2758 τὸ
1250 2721 1277 2759 αι

79 2811 114 2880 ἐν
134 2814 178 2902 τῇ
204 2808 368 2901 συνηθείᾳ
389 2810 602 2900 προαστίτης.
639 2807 679 2879 οὗ
706 2811 885 2902 γὰρπαρὰ
912 2811 952 2879 τό
975 2805 1171 2899 προάστιον·
1199 2801 1240 2898 ἦν

79 2931 143 3020 γάρ
170 2925 375 3020 προαστιυός
403 2923 448 3009 ὡς
470 2915 686 3014 Δουλιχιεύς,
716 2909 951 3020 ήπροάστιος
972 2926 1018 3013 ὡς
1046 2926 1239 3014 Βυζάντιος.

81 3049 168 3118 οὕτω
191 3050 254 3138 γὰρ
282 3048 338 3117 καὶ
363 3047 403 3116 τὸ
429 3050 579 3138 θηλυκόν
607 3046 794 3140 εὑρίσκεται
814 3048 983 3141 προαστία
1005 3055 1046 3139 μή
1068 3049 1103 3118 ἐν
1129 3045 1240 3138 Φρίξῳ

80 3310 109 3364 3.
129 3296 234 3383 ήρωος
253 3305 353 3364 addidi
373 3325 410 3365 ex
421 3307 573 3364 Eustathio
594 3307 631 3366 ad
646 3312 730 3368 Hom.
751 3331 780 3389 p.
796 3313 921 3378 332,18.
1033 3298 1242 3380 ’Ἀστερῖτιςῗ

81 3401 110 3457 5.
130 3394 168 3456 τό
189 3397 247 3455 add
269 3396 369 3458 HRV.
471 3403 499 3457 6.
520 3397 588 3479 περὶ
609 3402 795 3473 Schubarrus,
817 3399 865 3462 ἐπὶ
885 3401 960 3458 libri.
1067 3402 1095 3457 7.
1117 3393 1242 3474 Σινδική

82 3491 218 3558 Vossius,
234 3484 345 3567 Ἰνδικὴ
364 3492 439 3549 libri.
465 3495 549 3552 aliter
557 3494 689 3554 Eustath.
710 3497 748 3554 ad
770 3499 853 3554 Hom.
874 3517 903 3575 p.
915 3497 981 3562 332,
997 3496 1048 3551 2οι
1069 3483 1156 3558 πόλις
1175 3487 1244 3569 περὶ

81 3579 139 3642 τόν
156 3576 284 3642 Ἰνδικόν
303 3579 483 3644 Καύκασον.
587 3585 722 3666 Κρητῶν
740 3583 896 3662 ἀποικίας]
916 3587 961 3644 De
983 3587 1097 3643 Cretica
1119 3587 1173 3642 ista
1194 3603 1244 3641 co·

83 3677 178 3746 lania,
205 3679 287 3734 cuius
314 3678 371 3734 dux
387 3679 515 3738 Asterius
535 3679 639 3738 Minois
660 3681 845 3739 fiiius'suisse
865 3680 1040 3759 perhibetur,
1064 3697 1090 3734 v.
1109 3677 1244 3734 Nonuum

81 3771 172 3828 Dion.
198 3775 245 3837 13,
266 3771 322 3829 245
338 3790 401 3848 sqq.
519 3770 584 3831 ἐκεῖ
597 3771 701 3843 HRV,
727 3771 821 3832 ἐκεῖσε
840 3775 874 3830 A.
991 3775 1019 3830 8.
1037 3777 1065 3830 9.
1087 3761 1245 3846 Ἀστεροά·

83 3880 153 3930 σιος
171 3863 208 3920 R.
315 3867 361 3921 10.
377 3857 527 3940 Ἀστραῖσ
548 3867 611 3935 RV,
627 3859 777 3943 Ἀστραία
792 3867 823 3922 A.
914 3858 1090 3940 Ἀδριανός]
1112 3863 1148 3918 V.
1163 3862 1245 3920 Anal.

84 3956 167 4014 Alex.
188 3975 219 4034 p.
241 3959 307 4015 371.
399 3948 668 4035 Ἀλεξανδρειάόος
686 3960 760 4016 libri.
864 3963 910 4015 11.
931 3948 1065 4031 Δόβηρά
1084 3975 1116 4013 τε
1136 3955 1245 4033 PpRV,

83 4039 242 4124 Δόβηράν
259 4067 292 4106 τε
313 4051 345 4118 A,
364 4041 513 4126 Δόβηρόν
531 4069 563 4107 τε
582 4051 646 4108 ΒΗ.
764 4051 809 4110 11.
831 4047 863 4108 ἓν
888 4041 908 4107 ά
928 4050 1102 4117 Salmasius,
1130 4042 1161 4106 ιά
1181 4049 1246 4115 RV,

85 4137 117 4199 iv
137 4133 285 4218 ἑνδεκάτῃ
297 4147 328 4199 A.
428 4145 474 4201 16.
494 4136 764 4220 μεταναστήκασιν
784 4155 849 4203 ante
869 4145 905 4202 X.
1003 4147 1048 4202 17.
1066 4134 1192 4222 ᾤκησαν
1210 4142 1246 4210 R,

84 4226 205 4311 ᾤκισαν
222 4233 284 4289 AV.
406 4239 453 4294 19.
469 4227 657 4316 Ἀλεξάνδρῳ
677 4237 741 4306 RV,
758 4231 823 4295 Ἀλε
913 4241 946 4295 A.
1063 4239 1109 4292 20.
1131 4227 1248 4311 ἄνδρας

87 4345 144 4382 στιν.
165 4325 205 4383 V.
307 4323 341 4384 τί
357 4320 416 4404 γάρ
436 4327 545 4406 PpRV,
564 4323 671 4406 τοιγάρ
693 4333 727 4388 A.
842 4336 889 4390 21.
909 4323 1079 4405 προάστιον
1096 4327 1133 4395 R,
1153 4317 1246 4404 προά-

86 4435 189 4476 στειον
202 4419 236 4490 A,
257 4410 380 4477 άστιιον
390 4421 427 4478 V.
520 4425 567 4479 23.
587 4415 757 4500 εὑρίσκεται
777 4420 949 4504 προασιική
964 4414 1139 4495 προαστιία
1154 4417 1193 4494 γῆ
1213 4417 1248 4472 R.
