2902 5084
608 252 683 326 255

66 427 181 520 πάλαι
203 427 361 520 Δῶρος,
384 435 440 500 νύν
457 433 495 500 δὲ
510 437 629 522 Δῶρα
646 429 832 502 καλεῖται”.
867 435 923 502 καλ
944 432 1048 514 ούτως
1066 428 1228 522 Ἰώσηπος

66 546 174 639 αὐτὴν
196 552 292 618 καλεῖ
312 549 347 618 ἒν
368 548 387 618 έ
406 555 464 639 τῆς
482 547 669 640 Ἰουδαϊκῆς
691 547 838 642 ἱστορίας
866 547 959 646 αἀπό
979 553 1041 635 μὲν
1059 547 1228 639 Ἰορδάνου

66 669 165 759 μέχρι
181 663 311 753 Δώρων
332 663 502 746 πόλεως”.
536 670 593 739 καί
616 667 722 739 πάλιν
745 666 900 763 «Ἀζώτῳ
921 670 978 738 καὶ
1000 665 1135 757 Δώροις
1156 663 1227 756 όρι-

68 781 242 872 ζόμενοι”.
279 785 336 852 καὶ
357 785 392 854 ἐν
414 783 442 869 ς’
469 779 582 878 «εἶναί
602 815 638 855 τι
659 785 795 876 γύναιον
817 789 852 856 ἐν
874 785 975 857 πόλει
992 783 1138 877 Διύρρι”.
1170 788 1228 854 καί

67 903 173 976 πάλιν
202 903 283 998 κὅτε
310 899 443 994 ἤνεγκεν
465 902 512 986 εἷς
533 907 592 995 τὴν
614 903 775 997 Δῶρον”.
820 907 876 974 καὶ
897 903 1069 986 Κλαύδιος
1087 902 1251 985 Ἰούλιοςε

67 1025 103 1093 ἐν
131 1021 159 1115 γ’
192 1027 394 1092 Φοινικικῶν
431 1021 538 1116 αμεταλ
570 1021 782 1114 Καισάρειαν
811 1028 916 1113 Δῶρα
949 1029 1056 1090 κεῖται
1088 1029 1240 1112 βραχεῖα

67 1140 224 1231 πολίχνη,
261 1139 426 1210 Φοινίκων
458 1138 560 1232 αὐτὴν
587 1141 782 1224 οἰκούντων,
817 1138 855 1210 οἳ
879 1122 937 1211 διὰ
966 1141 1006 1209 τό
1035 1137 1227 1229 ὑπόπετρον

66 1265 134 1330 τῶν
158 1287 195 1329 τε
223 1258 386 1350 αἰγιαλῶν
411 1262 469 1330 καὶ
494 1261 533 1332 τό
562 1258 741 1352 πορφύρας
762 1258 901 1350 γόνιμον
922 1257 1145 1339 συνελθόντες
1165 1285 1226 1328 κα-

68 1380 146 1462 λιάς
173 1375 287 1461 αὐτοῖς
316 1374 575 1467 ᾠκοδομήσαντο
603 1379 666 1450 καί.
692 1376 955 1468 περιβαλόμενοι
982 1376 1145 1468 χάρακας,
1180 1371 1226 1460 ῶς

68 1495 236 1587 ύπήκοοεν
258 1493 373 1579 αὐτοῖς
394 1497 436 1566 τά
458 1501 517 1586 τῆς
539 1495 704 1588 ἐργασίας,
727 1494 923 1581 τεμνόμενοι
943 1497 1004 1577 τὰς
1026 1496 1152 1584 πέτρας
1167 1494 1225 1564 διὰ
1239 1524 1265 1564 ιο

67 1622 135 1686 τῶν
156 1615 398 1706 δξαιροομὲνων
420 1612 530 1684 λίδων
550 1617 592 1684 τὰ
614 1613 704 1702 τείχη
725 1612 948 1700 κατεβάλονιο
971 1614 1027 1682 καὶ
1046 1615 1106 1704 τήν
1129 1609 1225 1705 εύορ-

68 1761 134 1820 μον
152 1734 256 1824 χηλήν
278 1731 372 1815 ὅπως
394 1728 499 1822 [οἶόν]
521 1759 557 1801 τε
579 1729 743 1824 όσφαλῶς
764 1729 902 1816 ἔθεντο,
927 1729 1103 1815 ,ἐπώνυμον
1126 1727 1228 1820 αὐτόν

68 1858 111 1945 τῇ
146 1851 277 1940 πατρίῳ
311 1849 444 1940 γλώσσῃ
478 1847 560 1942 Δαίρ
594 1855 780 1932 καλοῦντες.
827 1847 859 1918 οἳ
890 1847 923 1918 δ’
944 1847 1101 1938 Ἓλληνες
1131 1846 1228 1936 χάριν

67 1977 129 2042 τοῦ
148 1976 208 2061 τῆς
229 1973 342 2060 φωνῆς
363 1965 579 2060 εύπροφόροο
597 1973 709 2040 καλεῖν
724 1967 903 2058 ἀρκοῦνται
918 1972 1023 2058 Δῶρα
1038 1967 1098 2058 τήν
1113 1966 1226 2038 πόλιν.

69 2090 127 2160 καί
152 2116 240 2172 τινες
266 2087 436 2179 ἱστοροῦσι
466 2092 586 2178 Δῶρον
615 2091 674 2159 τόν
701 2092 919 2168 Ποσειδῶνος
948 2084 1096 2177 οἰκιστήν
1125 2083 1227 2178 αὐτῆς
1239 2121 1264 2162 ιτ

68 2203 275 2296 γεγονέναι”.
312 2209 369 2276 καὶ
384 2202 627 2295 Ἀρτεμίδωρος
648 2211 754 2294 Δῶρα
775 2206 835 2296 τὴν
857 2203 959 2276 πόλιν
981 2198 1072 2273 οἶδεν
1094 2204 1128 2273 ἐν
1150 2203 1226 2274 ἐπι-

68 2332 156 2418 τομῇ
180 2331 246 2394 τῶν
273 2323 310 2395 τά
341 2329 508 2419 «συνεχῶς
537 2322 570 2394 δ’
595 2323 665 2394 ἐστὶ
686 2324 881 2416 Στράτωνος
902 2323 1044 2414 πύργος,
1075 2317 1149 2394 εἶτα
1176 2319 1227 2392 ἔνι

69 2450 174 2536 Δῶρα
192 2445 251 2514 ἐπὶ
270 2446 565 2536 χερσονησοειδούς
577 2439 687 2512 τόπον
704 2441 853 2530 κείμενον
868 2442 1104 2531 πολισμάτιον,
1127 2438 1226 2530 άρχο-

72 2565 175 2648 μένου
195 2567 256 2632 τοῦ
279 2557 377 2649 όροος
396 2568 458 2630 τοῦ
472 2557 694 2651 Καρμήλοιι”.
727 2561 784 2628 καὶ
805 2558 839 2628 ἐν
860 2559 897 2628 θ’
920 2560 1226 2650 γεωγραφονμένων

68 2681 108 2750 τό
125 2677 220 2750 αὗτό.
254 2677 514 2770 Ἀπολλόδωρος
535 2683 736 2767 δὲΔῶρον
758 2681 854 2746 καλεῖ
873 2679 907 2746 ἐν
925 2682 1086 2766 χρονικῶν
1101 2674 1130 2746 δ’
1155 2673 1267 2770 «εἶςγο

70 2804 192 2889 Δῶρον
214 2793 315 2868 οὖσαν
329 2796 577 2869 ἐπιθαλάττιον
592 2793 729 2866 πόλιν”.
764 2800 821 2864 καί
837 2793 1056 2886 Ἀλέξανδρος
1076 2792 1111 2864 ἐν
1128 2790 1226 2886 Ἀσίᾳ

73 2913 218 3010 αΔῶρός
235 2913 262 2984 τ’
280 2913 439 3006 ἇγχίαλός
458 2913 485 2984 τ’
501 2912 594 3004 Ἰόπη
615 2912 807 3004 προύχουσα
829 2911 1042 3003 θαλάσσης”.
1076 2913 1135 2982 καὶ
1151 2912 1226 2982 Χά-

70 3196 97 3248 1.
118 3186 327 3268 Παλαίδωρος
341 3192 382 3260 Β.
501 3198 530 3251 2.
551 3185 649 3268 αὐτὴν
668 3192 699 3261 S,
721 3211 776 3248 οιιι.
798 3192 878 3250 editi.
980 3189 1012 3250 ἓν
1032 3185 1059 3263 t]
1082 3209 1107 3248 c.
1128 3195 1156 3260 1,
1177 3195 1225 3249 22.

68 3286 98 3340 3.
119 3275 224 3356 πάλιν]
246 3303 270 3342 c.
291 3273 338 3342 22.
417 3287 446 3344 4.
467 3279 493 3354 ς’
514 3285 546 3356 S,
567 3277 594 3342 δ’
615 3284 695 3342 editi.
788 3290 816 3345 5.
830 3275 967 3352 Ἴοολλος
986 3283 1019 3340 S.
1116 3287 1145 3341 8.
1165 3282 1228 3340 τῶν

69 3371 234 3450 αἰγιαλῶνλ
324 3383 351 3436 9.
373 3373 491 3436 attat?
567 3370 801 3451 περιβαλόμενοι
821 3378 853 3447 S,
872 3368 1124 3451 περιβαλλόμενοι
1144 3373 1225 3432 editi.

69 3470 176 3524 11.12.
196 3461 328 3546 εὔορμον
346 3469 382 3537 Β,
402 3463 532 3546 ἔνορμον
551 3471 626 3527 libri.
725 3474 771 3527 12.
788 3465 888 3546 χηλὴν
907 3468 1027 3536 pinedo,
1050 3461 1154 3544 χωλὴν
1173 3467 1206 3524 S.

69 3548 136 3615 οἷόν
154 3559 222 3618 add.
244 3561 351 3636 Bergk.
470 3569 517 3622 13.
537 3561 637 3639 Δῶρα
658 3563 738 3630 libri,
763 3564 792 3620 in
819 3581 876 3638 qua
902 3562 1022 3618 nominis
1043 3561 1136 3618 sonna
1156 3559 1226 3617 nihil

69 3649 153 3708 video
177 3669 283 3726 graeco
309 3656 352 3712 ori
377 3655 513 3714 inhabile.
539 3657 636 3730 itaque
656 3647 733 3730 Διόρ
759 3654 940 3712 scribendum
967 3664 1030 3712 erat
1055 3653 1102 3710 ott.
1124 3653 1225 3711 iosuae

69 3749 191 3813 17,11.
220 3741 268 3802 ἐπὶ
294 3744 367 3816 τούς
390 3746 611 3815 κατοικοῦντας
634 3743 713 3826 Δῶρ
744 3742 794 3805 καί
825 3742 882 3814 τὰς
912 3738 1019 3820 καίριος
1043 3737 1149 3820 αὐτῆς.

65 3829 159 3915 χάριν
184 3838 222 3895 G.
242 3839 423 3909 Dindorfius‚
449 3833 520 3918 άχρι
540 3839 573 3898 S.
692 3841 728 3899 14
749 3849 778 3898 et
799 3842 845 3897 16.
865 3835 966 3916 Δῶρα
993 3839 1030 3896 G.
1050 3837 1227 3906 Dindorfius,

67 3920 186 4003 Διόραν
205 3930 280 3989 libri.
300 3953 354 4011 per
374 3953 405 3992 se
426 3943 520 3990 tamen
540 3941 619 3992 recte
633 3935 717 3992 etiam
733 3924 863 4008 ἡΔαίρα
878 3931 934 3988 dici
949 3931 1074 3988 ostendit
1088 3931 1227 4010 Iosephus

69 4019 114 4077 ΑΙ.
135 4025 186 4091 13,
205 4027 240 4092 7,
259 4029 288 4082 2.
310 4026 358 4081 ubi
377 4021 419 4092 εἰς
437 4019 494 4101 τὴν
513 4015 631 4101 Διύραν
651 4034 679 4084 et
699 4022 732 4082 ἐκ
751 4024 807 4099 τῆς
825 4016 943 4099 Διάρας
962 4025 1078 4099 legitur,
1102 4025 1227 4080 sortasse

68 4115 154 4171 etiam
174 4115 295 4174 Ptolem.
307 4121 336 4186 ⁵,
350 4121 396 4185 15.
411 4121 439 4176 5.
461 4119 509 4174 ubi
528 4107 628 4193 Δῶρα
649 4116 753 4175 editur.
775 4123 805 4171 et
825 4114 1006 4192 Stephanum
1027 4116 1099 4174 duan
1119 4125 1227 4172 tantum

67 4204 175 4264 tonnae
197 4209 364 4284 agnovisse,
384 4210 536 4285 sequentia
557 4208 725 4277 ostendunt,
746 4209 794 4265 ubi
815 4207 852 4264 de
873 4209 1027 4284 gentilibus
1048 4209 1151 4283 egitur.
1173 4207 1227 4264 suit

67 4296 134 4356 item
155 4310 256 4376 quarta
277 4300 370 4358 sonna
390 4296 513 4379 Δῶρον,
535 4320 593 4378 qua
615 4321 682 4360 usus
704 4309 748 4358 est
767 4299 877 4357 Plinius
898 4301 964 4358 NH.
986 4303 1014 4368 5,
1036 4307 1081 4368 19,
1102 4304 1149 4358 17.

66 4393 115 4446 22.
134 4385 303 4467 θαλάσσης
322 4391 362 4462 Μ,
381 4386 526 4470 θαλάττῃ
547 4394 620 4452 libri.
