2888 5084
789 242 893 314 94·

233 418 273 488 τό
302 416 440 488 ἐδνικδν
467 397 674 502 Ἀνδανιίός,
708 417 754 502 ὡς
786 419 898 492 Φίλων
929 421 964 491 ἐν
992 427 1034 513 τῇ
1061 425 1140 511 περί
1167 422 1313 496 πόλεων.
1356 424 1393 497 ἐκ

233 534 354 626 ταότης
377 533 612 628 Ἀριστομένης
633 535 776 627 ἐγένετο,
800 537 1068 630 ἐπιφανέστατος
1088 541 1280 632 στρατηγός.
1314 551 1394 615 τοῦ·

232 679 291 724 τον
322 652 356 724 οἱ
386 653 661 742 Λακεδαιμόνιοι
691 655 856 740 πολλάκις
888 655 1008 740 αι’ποδς
1040 657 1220 750 νικήσαντα
1251 662 1393 748 θαυμά-

235 799 361 856 σαντες,
383 770 429 856 ὡς
443 772 543 859 μόλις
558 771 740 866 ἐκράτησαν
755 773 789 843 ἐν
804 783 874 856 τοῖς
888 784 1149 866 Μεσσηνιακοῒς,
1169 776 1393 866 ἀνατεμόντες

209 890 400 964 νέσκόπουν
423 891 453 960 εί
473 894 568 980 παρὰ
588 892 667 974 τοδς
689 893 831 975 λοιποὺς
853 892 925 963 ἐστί
944 921 988 977 τι,
1009 897 1066 966 καί
1087 887 1185 982 εὖρον
1201 896 1392 988 σπλάγχνον

234 1012 477 1100 ἐξηλλαγμένον
508 1011 565 1080 καί
596 1013 656 1101 τὴν
686 1010 826 1102 καρδίαν
855 1017 1008 1095 δασεῖαν,
1042 1011 1089 1096 ὦς
1114 1012 1303 1105 Ἡρόδοτος
1335 1021 1393 1088 καί

233 1127 450 1218 Πλούταρχος
476 1130 534 1197 καί
550 1125 690 1211 Ῥιανός.
733 1131 773 1200 τό
794 1132 944 1219 θηλυκόν
966 1128 1153 1213 Ἀνδανιός.
1197 1135 1333 1224 λέγεται
1354 1139 1393 1208 δὲ

233 1250 290 1318 καί
307 1245 496 1330 Ἀνδάνιος,
519 1243 566 1328 ὡς
582 1244 723 1329 Ῥιανός.

309 1361 515 1457 Ἀνδειρα,
538 1364 641 1448 πόλις
662 1369 736 1457 [τῆς
762 1365 949 1456 Τρωάδος],
973 1365 1165 1458 οὐδετέρως,
1188 1370 1223 1440 ἐν
1243 1361 1269 1463 ᾖ
1292 1369 1394 1455 λίδος

196 1516 223 1556 ιυ
237 1480 302 1582 αίίς
322 1484 500 1573 καιόμενος
522 1485 658 1578 σίδηρος
678 1485 817 1574 γίνεται·
842 1479 913 1555 εἶτα
934 1488 1019 1571 μετά
1042 1493 1102 1578 γῆς
1121 1488 1213 1570 τινός
1234 1515 1392 1576 καμινευ-

232 1607 310 1689 δείς
330 1605 517 1690 ἀποστάζει
538 1602 784 1700 ψευδάργυρον·
808 1597 883 1674 εἶτα
904 1606 1044 1695 κραθείς
1061 1608 1175 1700 χαλκῷ
1197 1603 1392 1699 όρείχαλκος

232 1723 382 1814 γίνεται”
411 1723 569 1815 Στράβων
597 1722 639 1814 ιγ’
667 1723 724 1790 καί
754 1719 962 1811 Θεόπομπος
991 1722 1046 1814 ιγ’.
1088 1726 1128 1796 τδ
1157 1725 1295 1796 ἔθνικόν
1315 1725 1392 1797 Ἀν-

233 1843 385 1936 δειρηνός
414 1846 471 1916 καί
494 1841 699 1936 Ἀνδειρηνό.
743 1840 830 1912 οὕτω
862 1843 924 1934 γάρ
955 1840 1106 1913 ἐκαλεῖτο
1138 1841 1159 1935 ἦ
1188 1841 1296 1938 μήτηρ
1326 1851 1392 1914 τῶν

233 1969 325 2034 θεῶν
347 1965 423 2033 ἐκεῖ.
468 1961 540 2034 ἔστι
561 1963 619 2032 καί
634 1959 793 2052 ’Ἀνδειρα
815 1963 981 2050 θηλυκῶς,
1008 1963 1166 2055 Φρυγίας.

194 2107 221 2148 ιι
313 2080 448 2173 Ἀνδρί
455 2110 493 2164 α,
516 2077 618 2163 πόλις
635 2079 783 2161 Ἠλείας,
806 2079 865 2148 καί
885 2075 983 2170 ἑτέρα
1005 2082 1233 2166 Μακεδονίας,
1255 2079 1303 2165 ὡς
1327 2093 1390 2152 Φι-

233 2202 312 2282 λίας
333 2201 367 2270 ίν
383 2197 574 2290 περίπλοις.
608 2195 627 2268 ὁ
644 2196 785 2286 πολίτης
802 2194 983 2289 Ἀνδριεός.
1020 2199 1199 2283 Τεόπαλος
1220 2198 1240 2271 δ
1255 2201 1390 2298 γράψας

229 2317 405 2390 Ἠλειακά.

309 2435 489 2529 Ἀνδρος,
512 2441 612 2527 νῆσος
632 2435 695 2520 μία
709 2439 776 2504 τῶν
792 2432 986 2518 Κυκλάδων,
1009 2436 1137 2528 ἐκλήθη
1160 2436 1231 2508 άπδ
1247 2435 1390 2532 ’Ἀνδρου

152 2595 156 2602 ’
231 2565 292 2631 τοί
307 2555 514 2648 Εὐρυμάχου,
537 2551 559 2646 ἢ
579 2559 640 2624 τοῦ
656 2551 768 2624 Ἀνίου
791 2549 953 2645 ἀδελφοῦ,
975 2559 1036 2624 τοῦ
1057 2558 1185 2646 πατρός
1206 2564 1273 2626 τῶν
1293 2558 1390 2629 Οἶνο-

193 2675 377 2769 ωτρόπων.
421 2677 509 2756 τινὲς
537 2675 576 2744 δέ
605 2699 709 2764 φασιν
735 2669 876 2764 Ἀνδρέα
901 2681 1020 2744 τοῦτον
1047 2676 1104 2743 καί
1127 2672 1241 2746 Ἀνίου
1270 2683 1388 2748 παῖδα.

229 2797 269 2866 τδ
292 2795 430 2868 ίδνικδν
447 2790 605 2883 ’Ἀνδριος
627 2788 672 2874 ὡς
694 2791 840 2875 Λίνδιος
862 2793 1003 2875 Κνίδιος
1025 2790 1192 2875 Μύνδιος.

230 3197 257 3252 1.
277 3185 313 3251 τό
334 3187 458 3252 ἓθνικδν
475 3181 663 3264 Ἀνδανιεός]
691 3191 772 3248 Haec
797 3187 923 3248 sortasse
948 3188 968 3247 l.
988 3193 1007 3246 7
1031 3198 1099 3266 post
1113 3182 1233 3258 Ῥιανός
1253 3199 1388 3271 transpo-

229 3285 326 3344 nenda
345 3295 421 3343 sunt.
498 3285 526 3342 4.
541 3277 574 3340 ἓν
592 3286 656 3349 τοῖς
674 3279 909 3356 Μεσοηνιακοῖς
928 3279 1049 3359 PpHR,
1071 3277 1104 3338 ἒν
1122 3281 1161 3359 τῇ
1179 3280 1390 3365 Μεσσηνιακῇ

228 3379 262 3436 A.
284 3377 357 3435 haec
377 3378 472 3444 verbi,
493 3395 568 3452 quae
587 3374 757 3432 Siebelisius
777 3385 844 3452 post
858 3367 978 3442 Ῥιανός
998 3376 1151 3452 transponi
1170 3376 1268 3446 voluit,
1288 3380 1390 3438 melius

229 3470 394 3546 legerentur
423 3478 490 3547 post
519 3457 763 3544 ἐπιφανέστατος
794 3459 976 3544 στρατηγός.
1093 3470 1121 3525 5.
1147 3464 1215 3540 περί
1245 3469 1312 3528 RV.

227 3566 255 3622 6.
276 3567 305 3622 7.
326 3551 499 3636 Ἡρόδοτος
529 3555 580 3615 καί
607 3551 828 3636 Πλούταρχος]
859 3559 926 3616 Vid.
947 3560 1040 3617 Anall.
1061 3560 1143 3616 Alex.
1163 3581 1194 3638 p.
1217 3565 1273 3622 195
1285 3584 1351 3641 sqq.

228 3659 256 3715 9.
277 3653 333 3729 τῆς
354 3643 506 3727 Τρωάδος
527 3651 595 3708 add.
616 3651 652 3708 B.
739 3656 847 3710 1011.
869 3642 904 3718 ὃς
924 3683 963 3694 -
981 3644 1215 3728 ψευδάργυρον]
1237 3653 1389 3714 Strabonis

227 3749 315 3806 verba
329 3745 375 3802 hic
389 3745 447 3802 illic
461 3753 579 3802 mutata.
651 3735 968 3819 1262191a'sswv1zv.
1022 3735 1065 3820 ιγ’]
1077 3764 1107 3821 p.
1120 3747 1186 3801 610.
1248 3745 1389 3824 16.περί-

226 3835 313 3919 πλρνλ
390 3841 437 3896 17.
455 3830 603 3895 Ἠλειακιί
622 3833 736 3904 Palm,
754 3827 869 3892 Ἰλιακά
889 3837 951 3894 AV.
974 3837 1112 3914 Teupali,
1131 3836 1300 3896 Eliacorum
1317 3842 1388 3898 scri·

226 3933 447 4010 ptoris‚'nomen
458 3940 636 4010 suspectum
650 3928 775 3986 sortasse
790 3927 983 3996 Τευτίαπλος
993 3929 1157 4004 legendum,
1174 3931 1255 3987 cuius
1264 3934 1387 3990 nominis

225 4023 367 4084 hominem
387 4023 534 4082 Eliensem
559 4030 699 4080 memorat
719 4021 854 4096 Thucyd.
875 4025 907 4091 3,
928 4026 975 4080 29.
1002 4023 1058 4078 nisi
1083 4024 1179 4101 potius
1206 4024 1287 4102 apud
1313 4025 1389 4082 hunc
1416 4063 1417 4066 =

229 4107 389 4183 Τεόπαλυς
409 4116 602 4174 scribendum.
682 4118 728 4172 19.
743 4108 846 4172 Ἀνίου
862 4115 972 4193 PpRV,
986 4107 1128 4171 Ἀνανίου
1148 4116 1182 4172 A.
1261 4121 1310 4174 20.
1325 4111 1388 4175 Ἀν·

226 4203 302 4284 δρία.
321 4208 358 4277 Β,
371 4201 513 4286 Ἀνδριέα
533 4208 608 4265 libri.
681 4198 783 4264 Ἀνίου
805 4207 913 4286 PpRV,
932 4201 1074 4263 Ἀνανίου
1096 4209 1129 4264 A.
1150 4205 1218 4285 fori.
1239 4206 1386 4284 Πηνειοῦ.

225 4300 283 4356 vid.
303 4301 428 4358 Pausan.
443 4307 471 4369 9,
485 4302 565 4368 346
586 4304 675 4368 etio,
690 4303 736 4367 13,
755 4301 785 4356 4.
864 4304 911 4360 21.
931 4293 1074 4366 Λίνδιος
1094 4308 1160 4358 ante
1181 4299 1217 4357 B.
1298 4294 1389 4359 Μόν-

224 4390 290 4459 διος
308 4394 345 4460 X,
369 4386 497 4459 Μόδιος
516 4392 591 4448 libri.
635 4413 639 4420 ·
