2858 5056
620 233 690 308 tal

78 435 156 495 ,quae
177 439 240 478 cunr
261 438 320 504 noo
341 419 517 496 intelligatur
536 435 594 494 quo
614 425 701 495 pacto
721 416 749 471 ln
764 416 991 494 psephismaturn
1006 415 1177 496 collectione
1191 417 1236 474 lo·

80 538 143 576 curn
160 519 267 580 habere
281 520 438 598 potuerint,
458 520 582 577 sortasse
596 516 634 575 ad
648 516 735 576 aliurn
750 516 862 586 Crateri
875 516 978 574 librurn
991 515 1145 574 reserenda
1159 527 1234 576 sunt.

481 769 758 846 EPIMETRUM
787 769 832 842 ΙΙ.

132 932 135 936 ’
156 921 190 980 Ρ.
203 925 270 991 630,
284 926 315 979 1:
339 907 512 997 Τραγασοί,
528 916 646 996 χωρίον
664 915 697 979 έν
714 912 841 997 η’πείρῳ.
871 917 1021 976 Edebatur
1039 912 1072 975 ἓν
1088 912 1233 1003 Ἠπείρῳ,

78 1021 158 1098 quod
177 1023 203 1078 ¹si
225 1040 326 1100 uerum¹
340 1030 433 1088 esset,
458 1023 486 1080 io
513 1005 699 1096 sequentibus
725 1029 792 1078 ante
817 1013 860 1104 ὡς
879 1011 1069 1086 Ἑλλάνικος,
1097 1039 1181 1096 quern
1205 1025 1235 1080 in

75 1123 285 1188 ‚Lesbiacorum
304 1122 377 1179 libro
398 1119 435 1178 de
451 1121 566 1178 Troicis
580 1121 719 1197 Tragasis
740 1120 835 1195 egisse
856 1128 1080 1176 consentaneum
1100 1129 1153 1190 est,
1173 1133 1234 1181 sta·

76 1223 216 1282 tuendum
237 1231 315 1281 esset
334 1219 477 1282 excidisse
491 1224 590 1280 rerba:
610 1215 675 1280 ίστι
689 1215 740 1278 καλ
758 1209 918 1298 Τρῳάδος.
939 1228 968 1274 at
985 1236 1051 1276 vero
1068 1219 1235 1298 Epiroticae

34 1297 40 1310 ⁸
79 1325 148 1382 illae
169 1324 320 1399 'fragosae
344 1321 454 1400 pariter
477 1331 566 1398 atque
584 1322 719 1381 Halesius
741 1338 859 1396 cornpus
877 1318 1042 1396 Epiroticas
1062 1320 1147 1380 valde
1166 1323 1235 1384 mibi

78 1434 233 1501 suspectae
254 1433 330 1481 sunt.
351 1421 456 1498 legitur
475 1422 590 1498 quidem
611 1421 690 1500 apud
710 1420 822 1478 Polluc.
834 1423 862 1487 6,
872 1423 924 1478 63:
945 1415 1035 1494 λίμνη
1056 1414 1090 1478 δι’
1104 1413 1136 1477 αἱ
1154 1420 1234 1500 Τρα-

77 1519 176 1603 γασαί
196 1517 320 1600 Τρωική
341 1512 360 1598 ἢ
381 1517 487 1580 πεδίον
503 1514 733 1599 Ἠπειρωτικόν,
755 1513 816 1578 άπὸ
834 1512 1013 1596 Τραγάσου,
1033 1501 1058 1597 ᾧ
1075 1514 1235 1598 χαριζάμε·

78 1643 130 1692 νος
149 1616 166 1682 ὃ
186 1619 351 1682 Ποσειδῶν
370 1618 443 1690 τοὺς
462 1610 540 1690 ἅλας
559 1616 658 1696 ίπηξε,
679 1623 840 1695 iterumque
860 1616 940 1697 apud
960 1629 1088 1676 nostrum
1103 1637 1133 1697 p.
1144 1626 1233 1690 7s,1:

9 1792 10 1800 ρ
77 1717 143 1782 έστι
163 1717 214 1781 καλ
232 1714 376 1797 Ἀλήσιον
395 1716 500 1777 πεδίον
519 1721 574 1797 τῆς
591 1714 748 1798 Ἠπείρου,
769 1712 811 1786 ὡς
831 1713 1021 1794 πηγνυμένου
1042 1714 1107 1776 ixei
1121 1720 1236 1778 πολλοῦ

77 1814 160 1890 ἁλός,
181 1841 218 1881 ex
238 1840 295 1898 quo
315 1821 438 1899 sumpsit
455 1820 623 1878 Eustathiue
644 1820 682 1878 nd
703 1823 787 1878 Hom.
807 1821 915 1898 ptos,
927 1822 979 1878 29:
999 1811 1064 1876 έστι
1084 1813 1127 1886 δέ,
1147 1818 1234 1898 φησί,

45 1971 51 1978 .
77 1918 130 1980 καὶ
151 1915 293 1997 Ἀλήσιον
309 1913 457 1995 Ἠπείρου
477 1913 665 1997 παρώνυμον
684 1920 729 2001 τῷ
749 1914 809 1988 ἆλί,
831 1926 860 1978 et
880 1939 909 1996 p.
929 1921 997 1986 883,
1016 1918 1049 1975 4:
1071 1902 1111 1994 ήν
1130 1915 1235 1978 δὲκαὶ

71 2015 223 2100 Ἀλήσιον,
245 2016 332 2100 ῳησί,
353 2015 458 2077 πεδίον
475 2011 705 2096 Ἠπειρωτικόν.
735 2021 843 2078 Verurn
864 2020 1048 2104 bistestibus
1067 2017 1137 2076 nihil
1157 2021 1236 2080 ellici

78 2123 215 2190 arbitror,
241 2139 305 2177 cunr
326 2138 420 2196 neque
439 2138 493 2198 per
512 2137 544 2177 se
564 2119 702 2178 credibile
723 2122 759 2178 eit
779 2122 928 2196 'fragosa
953 2120 1034 2177 heroi
1053 2122 1235 2195 graecanico,

78 2241 142 2280 curn
161 2221 448 2299 Epirotis,'barbara
468 2213 567 2294 gente,
588 2219 697 2296 aliquid
718 2222 924 2278 cemmunionis
945 2220 1050 2287 luisse,
1070 2237 1165 2295 neque
1186 2240 1233 2280 re·

77 2322 149 2398 liqui
169 2321 334 2398 scriptores,
355 2321 404 2396 qui
416 2320 615 2394 Tragasaeum
630 2319 718 2378 salem
736 2321 903 2389 memorant,
924 2320 1010 2377 ullam
1024 2320 1233 2398 Epiroticorum

77 2423 272 2498 Tragasarurn
294 2421 464 2478 mentionem
485 2421 621 2478 inliciant.
641 2419 748 2478 Strabo
761 2425 798 2479 13
809 2440 839 2498 p.
850 2424 917 2480 605.
934 2419 971 2478 de
984 2419 1104 2479 Troade
1120 2420 1234 2479 dicens:

73 2519 171 2598 χωρίς
190 2516 224 2580 δέ
243 2515 295 2578 καὶ
314 2515 350 2578 sd
364 2513 507 2596 Ἀλήσιον
526 2516 632 2578 πεδίον
652 2513 688 2580 οὗ
706 2516 786 2598 μέγα
801 2514 887 2587 ἐντὸς
896 2516 1025 2578 Λεκτοῦ
1037 2515 1088 2578 καὶ
1103 2503 1236 2595 τδΤρα-

76 2625 208 2698 γασιιῖον
227 2613 394 2696 άλοπήγιον
414 2612 591 2693 αὐτόματον
610 2624 675 2688 τοῖς
694 2616 830 2696 έτησίαις
849 2613 1039 2695 πηγνύμενον
1054 2613 1132 2695 πρὸς
1144 2611 1236 2693 Ἅμα-

77 2719 161 2801 ξιτρῖ.
180 2719 358 2794 Phylarchus
379 2717 456 2796 apud
473 2717 606 2776 athena
622 2739 651 2795 p.
663 2723 701 2778 73
713 2719 747 2775 d:
768 2714 819 2774 καὶ
838 2714 870 2774 έν
893 2708 1021 2794 Τρῳάδι
1041 2713 1076 2775 δέ
1093 2715 1236 2796 ἐξουσίαν

77 2812 158 2896 είχον
183 2813 213 2877 oi
236 2811 418 2892 βουλόμενοι
444 2811 497 2874 τὸν
517 2817 633 2892 προτοῦ
650 2810 764 2894 χρόνον
783 2812 838 2874 τὸν
861 2814 1061 2892 Τραγασαῖον
1081 2805 1141 2874 άλιι
1161 2816 1235 2894 λαμ·

77 2913 197 2995 βάνειν,
222 2910 416 2992 Λυσιμάχου
441 2911 475 2972 δέ
495 2910 581 2985 τέλος
600 2909 800 2990 ἐπιβαλόντος
819 2909 991 2994 η’ῳανίσθη.
1010 2908 1237 2990 θαυμάσαντος

79 3014 174 3078 δὲκαὶ
186 3011 317 3096 άῳέντος
330 3012 384 3076 τὸν
394 3008 489 3074 τόπον
501 3009 594 3093 druto}
605 3009 697 3076 πάλιν
707 3009 839 3092 ηὐξήθη.
853 3014 1027 3090 Hesychius:
1043 3016 1237 3093 Τραγασαῖοι

78 3109 150 3188 ἅλες
170 3113 199 3178 oi
218 3110 279 3175 άπὸ
294 3112 437 3192 Λέσβου,
459 3117 507 3174 ubi
522 3115 650 3175 Λεκτοῦ
670 3116 853 3177 scribendum
873 3133 939 3174 esse
954 3135 989 3174 ex
1004 3116 1156 3176 Strabonis
1170 3119 1235 3178 loco

79 3219 256 3294 intelligitur.
291 3217 403 3276 Eodem
423 3218 569 3296 pertinent
589 3219 652 3277 sine
673 3217 760 3274 dubio
781 3235 856 3293 quae
876 3232 913 3274 ex
931 3213 1049 3289 Lycone
1070 3217 1236 3276 'swadensi

81 3319 313 3386 Choeroboscus,
333 3319 393 3375 sive
413 3319 508 3395 potius
531 3317 713 3377 Herodianus
734 3336 819 3392 quern
834 3315 1055 3374 Choeroboscus
1075 3318 1236 3396 exscripsit,

79 3418 168 3476 tradit
187 3418 266 3496 apud
286 3415 378 3476 Bekls.
396 3417 505 3477 dnecd.
527 3437 556 3498 p.
575 3419 664 3476 1314:
690 3406 814 3493 εὕρηται
842 3411 875 3473 δέ
898 3409 934 3472 τὸ
961 3402 1039 3483 ἅλας
1063 3412 1149 3494 παρά
1167 3409 1236 3476 Ad·

80 3536 153 3575 κιονι
173 3517 217 3596 τῷ
241 3514 420 3596 Τρῳαδεῖ·)
442 3508 507 3574 οἷον
528 3512 587 3600 «τὸ
610 3508 688 3585 άλας
707 3509 819 3585 εὐῶδες
837 3505 856 3591 ἢ
879 3509 1017 3582 δυσῶδες
1036 3507 1236 3598 άράσσετιιι”.

81 3617 195 3675 accedit
215 3615 294 3692 quod
314 3627 450 3674 constans
470 3619 548 3676 larua
561 3619 724 3695 'l'ragosurn
746 3616 861 3674 heroem
883 3623 932 3671 aut
951 3614 1053 3672 iisdem
1074 3627 1124 3673 aut
1137 3619 1236 3676 ricinis

81 3717 246 3793 regionibus
267 3715 404 3791 assignat.
426 3735 450 3774 v.
465 3717 558 3792 Etym.
571 3717 612 3775 Μ.
632 3739 663 3796 p.
675 3721 742 3784 763,
760 3719 817 3774 25.
828 3715 957 3772 Tzetzen
979 3715 1017 3772 ad
1036 3715 1107 3790 Lyc.
1120 3719 1187 3774 232.
1208 3727 1238 3776 et

79 3818 208 3876 Pausan.
220 3819 267 3884 10,
280 3816 327 3888 14,
339 3819 368 3872 2.
389 3818 437 3873 ubi
458 3818 522 3874 libri
542 3817 681 3874 fluctuant
701 3820 775 3874 inter
795 3805 986 3890 Κραυγάσου
1006 3823 1036 3870 et
1054 3809 1237 3892 Κραγάσου,

82 3917 160 3994 quod
173 3907 342 3994 Τραγάσου
353 3916 571 3974 emendantibus
582 3914 835 3974 obsecundandum
846 3923 917 3973 erat.
930 3913 1055 3989 denique
1066 3915 1237 3992 Tragasiarn

83 4017 229 4076 Celaenus
248 4013 346 4083 filiam,
368 4015 462 4073 Cauni
483 4033 609 4084 uxorem,
628 4015 719 4074 habes
740 4014 819 4092 apud
839 4015 1030 4072 Nicaeneturn
1051 4016 1080 4072 in
1100 4014 1237 4076 Parthen.

82 4161 282 4175 -ψ

153 4245 182 4314 ⁸)
196 4247 295 4301 Codex
307 4242 443 4301 Λυκάονι
456 4248 494 4314 τῳ
510 4240 637 4316 Τρυάδη.
657 4261 713 4298 non
731 4242 845 4298 dubium
863 4243 930 4297 mihi
949 4243 1059 4298 videtur
1077 4245 1145 4313 quin
1163 4245 1237 4298 idern
1294 4319 1299 4326 ι

84 4335 122 4388 sit
139 4334 224 4399 Lyco,
243 4335 278 4386 de
296 4351 353 4403 quo
372 4335 432 4400 agit
449 4335 592 4400 Diogenes
610 4334 704 4386 Laert.
718 4335 743 4398 5,
757 4332 784 4384 l.

117 4435 203 4491 steph.
216 4432 315 4490 arrone
999 4417 1037 4475 46
