2866 5092
764 291 812 359 66

284 466 464 550 Ἀκυτσς,
490 475 588 558 νῆσος
611 469 689 556 περὶ
711 468 888 536 Κυδωνίαν
909 473 967 558 τῆς
986 467 1129 559 Κρήτης.
1153 468 1185 538 .ὃ
1206 469 1369 562 νησιώτης

204 590 365 670 Ἀνύτιος.

290 707 330 779 Ἀ
337 708 484 800 κάφας,
520 703 623 785 πόλις
656 704 718 788 μία
753 710 812 794 τῆς
847 711 1002 795 Δωρικῆς
1038 706 1288 797 τετραπόλεως,
1325 706 1371 791 ὡς

213 828 430 913 Θεόπομπος.

186 967 197 1004 ⁵
292 941 491 1034 Ἀκχηνοί,
522 941 624 1023 ἔθνος
646 938 821 1031 Ἀράβιον,
850 939 896 1023 ὥς
920 942 1085 1034 Οὐράνιός
1112 971 1196 1037 φησι
1217 942 1369 1037 τετάρτη,

1 1089 8 1099 ·
85 1143 90 1154 ,
210 1065 269 1134 ἐπὶ
289 1068 339 1153 τῷ,
358 1060 472 1147 αὐχένι
492 1065 551 1152 τῆς
570 1057 738 1152 Ἐρυθρᾶς
760 1058 948 1150 θαλάσσης.

290 1180 535 1267 Ἀλάβανδα,
559 1177 663 1259 πόλις
686 1179 832 1268 Καρίας,
856 1179 878 1270 ἥ
900 1207 983 1251 ποτε
1003 1180 1203 1268 Ἀντιόχεια.
1240 1181 1369 1274 ἐκλήθη

165 1383 169 1400 ⁸
210 1305 248 1372 δὲ
271 1297 342 1370 άπὸ
360 1295 579 1386 Ἀλαβάνδου,
602 1304 662 1367 τοῦ
685 1296 843 1381 εὐίππου,
867 1297 913 1382 ὡς
935 1299 1066 1390 Χάραξ.
1100 1300 1173 1371 ἔστι
1194 1305 1252 1372 καὶ
1272 1301 1374 1392 ἑτέρα

209 1421 310 1502 πόλις
340 1417 472 1508 Καρίας
500 1415 715 1509 εὐτυχεστάτη
747 1417 805 1510 ἀφ’
835 1411 874 1510 ἧς
905 1415 925 1510 ἡ
953 1421 1122 1508 παροιμία
1153 1419 1369 1516 «Ἀλάβανδα

159 1567 198 1613 'm
211 1545 335 1630 Καρῶν
357 1533 572 1624 εὐτυχεστάτη
595 1535 762 1618 [πόλις]”.
795 1537 916 1623 κτίσμα
938 1539 977 1610 δὲ
1000 1519 1115 1630 Καρὸς
1135 1535 1190 1630 ἦν,
1214 1536 1285 1610 άπὸ
1308 1547 1370 1609 τοῦ

211 1661 338 1740 παιδὸς
360 1648 464 1725 aino&
486 1658 650 1745 κληθεῖσα
671 1661 732 1724 τοῦ
753 1660 970 1745 γεννηθέντος
992 1657 1062 1728 όπό
1079 1657 1292 1749 Καλλιρρόης
1309 1665 1370 1750 τῆς

209 1775 423 1866 Μαιάνδρου,
446 1777 530 1860 μετά
554 1774 644 1864 νίκην
666 1773 906 1864 ίππομαχικήν,
928 1779 985 1846 καὶ
1006 1780 1188 1867 κληθέντος
1201 1775 1368 1865 Ἀλαβάν-

208 1904 280 1981 δου,
303 1896 323 1966 ό
345 1897 416 1966 ἐστι
438 1895 522 1962 κατά
544 1895 605 1984 την
626 1899 750 1984 Καριῦν
773 1896 888 1984 φωνην
910 1893 1100 1978 ίππόνικος.
1135 1891 1202 1966 άλα
1224 1900 1287 1986 γὰρ
1309 1899 1367 1967 τδν

207 2017 331 2097 ίππον,
358 2007 467 2100 βάνδα
496 2013 535 2082 δὲ
556 2012 616 2102 τήν
638 2012 728 2102 νίκην
750 2015 920 2083 καλοῦσιν.
960 2014 1074 2096 [ἔνθεν
1094 2018 1151 2084 καί
1173 2017 1267 2104 παρά
1285 2013 1367 2085 Ῥω-

170 2165 195 2206 ιο
207 2135 324 2222 μαίυις
345 2121 471 2218 βάνδον
491 2134 551 2220 τήν
571 2131 661 2221 νίκην
677 2131 806 2221 φασίν]
829 2129 847 2202 ὃ
862 2133 1002 2223 πολίτης
1019 2131 1245 2219 Ἀλαβσνδεάς
1261 2134 1367 2216 οὕτως

209 2249 450 2344 άναγράφεται.
489 2251 621 2340 λέγεται
648 2253 705 2318 καί
725 2253 876 2340 κτητικδν
898 2249 1165 2338 Ἀλαβανδιαιιός
1185 2254 1243 2322 καὶ
1264 2250 1366 2323 Ἀλα-

206 2374 390 2462 βανδιακδν
413 2365 624 2458 σύγγραμμα,
655 2369 691 2450 ἐξ
713 2361 754 2438 οὗ
776 2371 833 2439 καί
849 2368 1116 2457 Ἀλαβανδιακός
1137 2371 1364 2459 σσλοικισμός,

207 2492 253 2578 ὡς
278 2489 460 2572 Φιλόξενος
486 2490 546 2578 τήν
569 2485 766 2558 Ὀδύσσειαν
789 2485 1020 2579 ἐξηγούμενος,
1052 2489 1132 2559 όταν
1157 2489 1178 2581 ἦ
1201 2490 1248 2582 μή
1273 2488 1364 2561 άπα-

205 2611 359 2704 γόρευσις
381 2606 454 2678 dni
475 2613 532 2696 τῆς
555 2604 596 2675 οὐ
618 2612 734 2688 κοῖται,
757 2601 803 2688 ὡς
824 2608 863 2677 τδ
888 2607 957 2701 «μὴ
981 2607 1024 2677 δι’
1049 2607 1131 2699 ἐμήν
1153 2607 1269 2699 ἰότητα
1291 2619 1363 2679 Πο-

167 2757 193 2794 ιυ
206 2729 351 2803 στιδάιυν
372 2723 594 2810 ε’νοσίχδων”.

285 2844 559 2944 Ἀλάβαστρα,
595 2842 697 2926 πόλις
736 2837 893 2936 Φρυγίας.
940 2843 1137 2936 Ἡρόδοτος.
1188 2847 1223 2917 ἐν
1260 2846 1362 2938 ταύτῃ

203 3038 406 3056 m—

203 3155 232 3209 3.
245 3140 426 3223 τετράπολις
443 3143 508 3204 RV.
587 3149 614 3205 8.
628 3131 702 3203 τοῦτ
722 3137 868 3214 εὐίππους
881 3149 915 3206 R.
938 3148 1004 3205 sort.
1026 3143 1107 3206 τοῦτ’
1130 3144 1213 3208 ἔστιν
1233 3145 1360 3210 εὐίππου

203 3243 238 3302 R.
308 3232 411 3316 ίτίρα]
432 3237 550 3296 fallitur.
631 3247 659 3298 9.
680 3235 803 3316 Καρίας
823 3241 859 3309 R,
881 3239 997 3316 Καρῶν
1016 3243 1077 3300 AV.
1157 3237 1361 3318 εὐτυχεστάτη

202 3335 327 3391 fortasse
347 3321 512 3388 delendum.
631 3337 676 3390 10.
698 3326 785 3399 πόλις
812 3332 879 3389 add.
900 3334 939 3390 M.
962 3338 1108 3392 metricum
1129 3339 1204 3394 enim
1226 3349 1271 3394 est
1293 3357 1360 3415 pro·

202 3427 340 3484 verbium.
362 3422 400 3480 cs.
421 3423 524 3481 Exere.
545 3423 644 3501 philol.
666 3426 694 3481 in
716 3424 817 3483 Athen.
839 3425 925 3502 Spvc.
947 3431 966 3482 2
987 3447 1015 3505 p.
1036 3434 1083 3486 23.
1170 3425 1265 3503 κτίμιι
1286 3432 1322 3488 R.

201 3515 304 3596 Καρίς
322 3516 386 3573 RV.
485 3507 545 3572 άπὸ
567 3536 623 3575 oin.
645 3518 681 3575 V.
781 3523 827 3574 11.
850 3510 934 3597 αὐτῷ
955 3521 990 3577 V.
1098 3527 1142 3582 13.
1165 3517 1244 3578 ἀλλὰ
1266 3525 1302 3582 V.

200 3608 261 3688 γάρ
282 3606 384 3676 HRV,
403 3602 459 3681 μίν
479 3609 512 3665 Α.
591 3604 646 3667 τδν
665 3631 720 3667 σαι.
742 3611 806 3667 RV.
886 3609 932 3666 14.
952 3607 1057 3684 μάνδα
1078 3617 1142 3673 RV.
1222 3610 1302 3673 ἔνθα
1323 3619 1359 3674 V.

201 3701 409 3780 ineptissimum
430 3699 656 3760 additamentum
677 3703 794 3761 seclusit
812 3703 851 3758 M.
950 3710 1057 3766 15.16.
1076 3699 1175 3776 οὕτως
1196 3702 1360 3785 ἀναγέγρα-

200 3795 288 3867 πται]
309 3791 390 3850 Nihil
409 3793 529 3863 excidit3
551 3794 587 3852 de
608 3787 707 3863 οὕτως
728 3797 770 3853 sic
789 3797 885 3872 posito
908 3797 972 3855 vide
992 3817 1028 3857 ne
1049 3803 1132 3880 plura
1153 3800 1273 3858 afferam
1294 3821 1318 3860 a.
1334 3821 1360 3860 v.

193 3879 277 3962 Ἀλή.
298 3883 337 3944 cf.
356 3884 506 3943 schaeseri
526 3887 625 3946 Melet.
647 3889 709 3945 crit.
730 3909 759 3966 p.
772 3893 819 3945 14.
900 3895 946 3948 19.
967 3884 1010 3966 μὴ
1033 3885 1070 3947 δι’
1092 3888 1181 3968 ἐμὴν]
1203 3893 1236 3950 ΙΙ.
1252 3899 1299 3963 15,
1313 3899 1360 3954 41.

200 3985 248 4038 21.
261 3971 476 4052 Ἀλάβαστρα]
496 3979 612 4038 ΡΙιποίσ
633 3991 687 4049 est,
706 4001 762 4037 non
785 3989 814 4037 ut
835 3981 1005 4056 quibusdam
1023 3986 1110 4040 visum
1129 3996 1173 4042 est
1192 3981 1212 4062 ἦ
1230 3981 1360 4063 Ἀλαβά·

199 4089 288 4147 στρα.
310 4069 347 4128 cs.
367 4070 488 4128 Ptolem.
501 4074 530 4142 4,
542 4076 569 4141 5,
584 4077 620 4132 59
635 4067 836 4150 Ἀλσβαστρδ
859 4066 1080 4150 (Ἀλάβαστριι)
1102 4070 1361 4158 ἢἈλαβάστρων

197 4157 293 4233 πόλις.
313 4161 423 4220 Plinius
443 4163 510 4220 NH.
525 4169 552 4234 5,
566 4173 593 4233 9,
607 4170 653 4222 61.
674 4167 810 4243 oppida
831 4167 1016 4234 Mercurii,
1037 4169 1273 4240 Alabastron,
1295 4175 1358 4232 Ca·

200 4275 275 4314 num
282 4299 291 4326 ,
312 4259 331 4315 i.
343 4275 368 4315 e.
384 4249 602 4334 άλαβάστριαν,
624 4277 703 4316 inore
716 4261 901 4336 Aegyptiaco,
922 4257 959 4316 de
981 4278 1038 4335 quo
1056 4281 1143 4340 supra
1158 4283 1187 4341 p.
1198 4266 1237 4324 57
1251 4263 1359 4324 dictum

200 4359 254 4408 est.
281 4348 420 4425 singulari
447 4357 542 4406 tamen
560 4342 776 4426 Ἀλάβσστρον
797 4369 864 4408 usus
886 4360 930 4409 est
949 4351 1060 4410 Plinius
1081 4358 1127 4422 37,
1149 4361 1194 4423 10,
1216 4358 1358 4415 1431000

200 4451 392 4500 controverso.
514 4437 666 4516 Φρυγίας]
695 4441 753 4499 lino
778 4444 910 4522 Aegypti.
938 4463 1019 4502 error
1043 4446 1111 4504 inde
1135 4457 1219 4507 natus
1246 4451 1359 4509 videtur

1422 4497 1430 4612 i
