2888 5070
631 266 705 338 ³47

89 444 204 518 κελίαν
226 440 345 535 άκρας,
373 445 460 534 πρὸς
487 444 582 516 δύσιν
603 443 756 516 νεύουσα.
801 445 873 518 ἔστι
900 447 958 516 καὶ
978 446 1081 530 πόλις
1106 448 1249 535 Ἰταλίας

90 562 331 635 Καινύοιον.

174 680 326 773 Καιρή,
348 681 451 763 πόλις
470 681 662 773 Τυρρηνίας.
694 684 733 753 τό
756 680 893 752 όδνικδν
906 684 1124 777 Καιριτανός.
1153 687 1248 780 ,εἴρη-

87 827 146 871 ται
167 803 202 872 ἐν
223 806 271 890 τῷ
292 801 371 890 περὶ
386 796 558 890 Ἀγύλλης.

176 918 426 1011 Καισάρεια,
448 917 658 1008 μητρόπολις
678 923 738 1006 τῆς
752 921 1017 1004 Καππαδοκίας,
1040 921 1060 1014 ἡ
1077 926 1157 1016 πρίν
1173 925 1245 996 Εύ-
1260 952 1273 992 ι

90 1042 235 1128 σέβεια
257 1038 313 1108 καὶ
334 1035 528 1121 Μάζακα,
556 1033 602 1118 ιύς
622 1033 793 1127 Στράβων.
837 1033 909 1106 ἔστι
929 1042 987 1108 καὶ
1006 1044 1248 1136 Παλαιστίνης.

91 1159 149 1228 καί
168 1157 260 1247 τρίτη
281 1157 367 1244 πρὸς
388 1161 430 1247 τῇ
452 1153 618 1225 Πανεάδι.
661 1155 701 1224 τό
723 1155 861 1226 δόνικὸν
882 1156 1085 1248 Καισαρεύς.
1124 1159 1190 1234 εἰσὶ
1210 1165 1249 1234 δά

90 1277 148 1346 καί
169 1270 273 1344 άλλαι
292 1270 400 1362 τούτῳ
421 1278 469 1362 τῷ
491 1270 633 1360 ὀνόματι
653 1271 996 1364 προσαγορευόμεναι.

176 1392 412 1483 Καλαβρία,
431 1390 523 1480 χώρα
547 1390 691 1480 πλησίον
710 1396 770 1484 τῆς
787 1389 945 1475 Ἰταλίας.
981 1391 1159 1489 όοῖκήτωρ
1173 1407 1248 1470 Ka.

93 1511 227 1604 λαβρός,
249 1513 307 1581 καὶ
326 1506 493 1600 Καλαβρά
514 1511 664 1600 θηλυκόν
686 1512 744 1580 καί
763 1511 950 1602 Καλαβρίς.
1261 1547 1287 1586 ιο

177 1627 374 1720 Καλάδη,
409 1627 512 1711 πόλις
546 1626 586 1698 οὗ
622 1626 738 1720 πόρρω
772 1635 839 1698 τῶν
870 1627 1078 1720 Ἡρακλείων
1108 1635 1247 1722 στηλῶν.

85 1746 261 1830 Ἑκαταῖος
280 1746 442 1839 Εύριύπη.
475 1743 625 1838 ’Ἔφορος
645 1749 684 1818 δὲ
705 1747 988 1818 Καλάθουσαν
1011 1745 1114 1840 αύτήν
1136 1777 1249 1843 φησιν.

90 1865 165 1939 λ’στι
187 1869 244 1936 καὶ
263 1873 324 1936 τοῦ
343 1865 479 1938 Πόντου
501 1862 771 1937 Καλάθουσα.
804 1863 823 1937 δ
846 1865 1005 1976 πολίτης
1007 1873 1067 1958 τῆς
1080 1867 1251 1961 Καλάδης

92 1990 293 2066 Καλαδῖνος
315 1981 361 2067 ιύς
384 1982 581 2074 Ἀγαθῖνος,
607 1989 666 2072 τῆς
688 1986 727 2055 δὲ
747 1983 980 2075 Καλαδούσης
1002 1986 1250 2074 Καλαδούσισς

91 2102 139 2188 ὡς
158 2102 299 2186 Νύσιος.
1262 2149 1288 2190 ,ς

50 2241 51 2246 ’
176 2220 386 2308 Καλάμαι,
409 2219 511 2303 πόλις
531 2220 807 2313 Πελοποννήσου.
851 2223 1051 2306 Παυσανίας
1070 2221 1228 2316 τετάρτην.

178 2342 443 2431 Καλαμένθη,
472 2340 567 2432 ἥτις
588 2341 645 2410 καὶ
672 2342 940 2433 Καλαμίνθη,
969 2341 1073 2427 πόλις
1102 2342 1249 2436 Λιβύης.

88 2460 262 2542 Ἑκαταῖος
284 2455 492 2549 περιηγήσει.
536 2464 682 2548 κρεῖττον
711 2453 769 2529 σύν
799 2457 846 2543 ὡς
868 2457 1055 2553 Ἡρόδοτος
1076 2465 1136 2533 διά
1156 2467 1252 2534 τοῦῖ

93 2577 195 2664 πόλις
220 2577 398 2648 Φοινίκων.

178 2695 386 2785 Κάλαρνα,
410 2695 511 2780 πόλις
533 2694 761 2778 Μακεδονίας,
784 2692 831 2778 ὥς
850 2695 1006 2778 Λούκιος
1028 2693 1046 2768 ὃ
1072 2706 1290 2790 Τσρραῖος.ιι

94 2817 134 2885 τὸ
157 2815 294 2885 δδνικδν
318 2817 540 2904 Καλαρναῖος.

179 2929 424 3024 Καλάσιρις,
453 2941 555 3025 μοῖρα
576 2931 768 3024 Αἰγύπτου.
809 2930 996 3023 Ἡρόδοτος
1025 2935 1180 3027 δευτέρῳ.
1218 2935 1251 3006 ολ

93 3054 150 3122 καί
172 3051 378 3142 Καλασίριοι
404 3054 461 3122 καὶ
482 3050 703 3143 Καλασιρίαι.

176 3170 402 3254 Καλατίαν,
425 3173 520 3262 γόνος
537 3168 689 3242 Ἰνδικόν.
728 3167 903 3252 Ἑκαταῖος
924 3166 1034 3260 Ἀσίη.

178 3288 435 3380 Καλαύρεια,
467 3290 617 3380 νησίδιον
638 3289 725 3380 πρὸς
743 3295 785 3381 τῇ
807 3287 934 3382 Κρήτη,
958 3285 1092 3378 [κύκλον
1113 3287 1249 3379 ἔχουσα]
1263 3331 1289 3370 2⁵

92 3491 122 3548 2.
143 3483 327 3566 Καινύσιον]
347 3490 427 3550 Infra
445 3484 614 3550 Κανύσιον.
697 3495 726 3550 ³.
745 3483 945 3567 Κοιρητανός
963 3491 1001 3550 X.
1022 3489 1122 3548 forsan
1141 3487 1252 3567 Καιρι·

92 3573 195 3648 τανός,
218 3591 248 3638 ut
268 3601 357 3660 supra
367 3604 392 3642 s.
404 3603 430 3642 τ.
445 3575 587 3660 Ἄγυλλα.
666 3587 694 3642 6.
705 3575 847 3654 Μάζακα
867 3583 1036 3650 Salmasius,
1056 3573 1157 3651 Μάζα
1177 3580 1251 3642 libri.

93 3667 263 3752 Στράβων]
284 3680 321 3734 12
340 3697 371 3754 p.
392 3681 459 3738 5³7.
576 3683 605 3738 9.
624 3677 681 3753 τῆς
701 3675 771 3734 εδδ.
784 3677 827 3734 R.
945 3681 992 3734 10.
1012 3674 1159 3750 θηλυκῶς
1176 3675 1213 3734 R.

92 3762 273 3852 15.Νύσιος
290 3785 326 3852 R,
349 3780 511 3854 Οἰνούσιος
530 3786 567 3841 H.
657 3787 704 3842 16.
719 3777 869 3864 τετάρτῳ]
891 3803 916 3842 c.
934 3788 981 3852 31,
999 3787 1029 3842 3.
1122 3787 1169 3842 17.
1186 3781 1253 3842 Κα·

92 3871 234 3952 λαμίνθη
255 3875 317 3946 AV,
340 3875 532 3953 Καλαμίνθη
552 3879 589 3936 R.
668 3881 714 3936 16.
730 3868 918 3953 Ἡρόδοτος]
939 3875 1103 3934 Herodotus
1123 3874 1195 3932 nihil
1214 3875 1252 3933 de

95 3968 297 4028 Cslnmenthe.
322 3971 455 4047 suspicor
469 3964 673 4048 Ἡρωδιανὸς,
695 3969 793 4045 quiin
814 3968 1029 4046 Orthogrsphia
1048 3968 1122 4026 haee
1142 3967 1254 4026 videtur

94 4061 261 4140 scripsisse:
281 4058 473 4139 Καλαμίνθη
494 4057 547 4120 διδ
565 4060 623 4118 τοῦ
640 4059 652 4118 ἰ
672 4055 761 4129 πόλις
777 4058 938 4119 Φοινίκων.
1016 4052 1253 4127 20.Λούκιλλος

92 4153 128 4212 X.
211 4152 350 4233 Ταραΐος
370 4153 444 4212 libri.
522 4159 570 4214 22.
582 4149 773 4231 Καλασίριες
785 4165 814 4211 ατ
827 4148 1029 4230 Αλγυπτίωνλ
1105 4147 1252 4232 δευτέρῳ]

93 4265 120 4305 α.
132 4247 198 4304 164.
276 4250 326 4306 23.
338 4243 544 4325 Καλασιρίαι]
565 4249 642 4305 Num
657 4243 900 4324 αΚαλαοιρίαςλ
919 4267 955 4306 an
975 4247 1142 4306 femininum
1158 4247 1255 4324 posuit

95 4336 308 4414 Καλασίριαιλ
384 4338 423 4417 τῇ
442 4333 567 4418 Κρήτη]
592 4335 755 4414 Τροιζῆνιλ
851 4343 898 4400 25.
919 4334 1030 4400 κύκλον
1049 4333 1163 4412 ἔχουσα
1184 4337 1253 4396 sdd.

95 4429 150 4489 BH
171 4453 187 4492 e
207 4433 305 4492 strab.
326 4437 345 4492 8
365 4453 395 4510 p.
417 4437 485 4493 569.
