2902 5070
736 243 811 316 218

196 429 239 492 M
243 421 368 501 ατόας
385 418 599 505 καλούμενος.
628 426 802 512 συμφοράς
819 423 857 492 δὲ
872 428 942 503 τοῖς
954 420 1107 502 Σκύθαις
1122 422 1351 512 ἐπιπεσούσης

197 539 301 622 οὕτως
316 537 455 628 ἐκλήθη.
489 536 636 620 Ματόας
658 541 696 610 δὲ
719 539 853 627 λέγεται
875 537 909 620 ἐς
929 541 989 630 τήν
1003 536 1181 629 Ἑλληνίδα
1197 544 1352 629 γλῶσσαν
1437 577 1439 580 ·

195 653 303 740 όίσιος.
338 657 392 729 ὅτι
414 654 580 738 πολλάκις
601 656 845 747 περαιούμενοι
868 655 966 728 οὐδὲν
980 658 1245 730 ἐπεπόνθεισαν.
1278 657 1353 732 ὅδὲ

194 776 363 858 Δάνουσις
385 774 598 866 ἑρμηνεύεται
620 775 733 864 ὥσπερ
754 783 815 846 τοῦ
838 774 996 865 ἁμαρτεῖν
1020 775 1102 862 ἔχων
1126 776 1247 848 αἰτίαν.
1347 829 1350 834 ,

159 915 183 954 ’ὁ
279 894 447 980 ιίάονες,
469 893 572 978 ἔθνος
591 899 651 984 τῆς
669 891 823 986 Ἰνδικῆς,
847 892 918 965 άπδ
941 893 1086 978 Δάονος.

279 1014 476 1108 Δάραψα,
508 1011 610 1094 πόλις
639 1013 822 1104 Βακτρίας,
854 1011 900 1095 ὡς
928 1013 1097 1106 Στράβων.
1141 1017 1181 1086 τό
1213 1017 1353 1087 ίθνιιιόν

196 1130 406 1227 Δαραψηνός
431 1134 487 1202 καὶ
508 1129 747 1223 Δαροψιανός.

278 1249 459 1343 Δάρδαι,
486 1248 626 1321 Ἰνδικόν
653 1249 755 1333 ἔθνος
776 1247 845 1320 ύπό
868 1249 1024 1343 Δηριάδη
1047 1255 1243 1341 πολεμῆσαι
1265 1259 1351 1321 Διο-

195 1369 294 1460 νύσῳ,
319 1366 365 1450 ὡς
386 1365 570 1451 Διονύσιος
590 1371 625 1440 ἐν
645 1368 678 1460 γ’,
695 1375 927 1458 Βασσαρικιῢν.
1349 1371 1352 1376 ’

159 1519 185 1558 ιο
282 1485 515 1580 Δάρδανος,
531 1486 633 1570 πόλις
648 1485 817 1580 Τρωάδος,
832 1484 852 1578 ἡ
866 1485 1030 1580 πρότερον
1049 1487 1226 1579 Τευκρίς.
1248 1497 1351 1558 Μνα-

196 1608 277 1689 σέας
292 1609 330 1678 δέ
347 1631 449 1699 φησιν
466 1605 520 1678 ότι
539 1605 740 1702 αΔάρδανος
755 1605 791 1676 ἐκ
805 1633 855 1677 σι.
865 1658 874 1675 .
884 1657 909 1675 ..
927 1609 963 1676 ἐκ
979 1612 1039 1676 τού
1055 1608 1119 1676 νειό
1133 1613 1192 1698 τῆς
1203 1605 1350 1696 Ἀθηνᾶς

194 1728 234 1798 τό
257 1724 450 1797 παλλάδιον
471 1723 637 1815 ἀράμενος
660 1723 800 1816 ἀφίκετο
823 1723 871 1807 είς
883 1723 1111 1816 Σαμοθρᾴκην
1127 1727 1213 1812 μετὰ
1229 1724 1350 1816 Ἁρμο-

195 1846 269 1928 νίας
283 1847 340 1915 καλ
352 1843 520 1926 Ἰασίωνος
538 1842 638 1934 [ἑνός]
654 1849 721 1912 τῶν
736 1841 903 1934 ἀδελφῶν,
927 1840 1021 1912 κάκεῖ
1035 1842 1195 1933 διάγοντα
1210 1843 1351 1930 Κάδμος

197 1963 216 2036 ό
239 1963 418 2055 Ἀγήνορος
440 1959 721 2054 ίφιλοποιήσατο,
743 1964 801 2032 καὶ
823 1960 1067 2052 ἀποθανούσης
1092 1963 1270 2055 Τηλεφάνης
1291 1990 1349 2053 γα-

158 2115 183 2154 ιε
196 2090 254 2169 μεῖ
278 2083 338 2172 τήν
360 2079 539 2170 Ἁρμονίαν
566 2077 585 2149 ὁ
608 2077 750 2165 Κάδμος
779 2083 837 2151 καί
863 2077 1066 2151 ἀποστέλλει
1091 2081 1151 2151 τόν
1172 2080 1351 2173 Δάρδανον
1404 2063 1411 2072 .

196 2201 244 2284 είς
265 2203 326 2292 τήν
348 2197 466 2269 Ἀσίαν
491 2198 575 2283 μετά
601 2204 667 2267 τῶν
695 2198 834 2293 ἑταίρων
861 2201 949 2292 πρὸς
979 2207 1124 2290 Τεῦκρον
1149 2201 1208 2272 τόν
1234 2205 1349 2290 Τρῶα·

195 2319 214 2392 ό
239 2322 277 2391 δὲ
302 2323 446 2409 Τεῦκρος
468 2313 695 2410 άνογνωρίσας
721 2321 779 2390 τόν
800 2318 979 2410 Δάρδανον
1007 2318 1147 2389 δίδωσιν
1173 2316 1265 2408 αύτῷ
1290 2319 1350 2409 τήν

195 2441 367 2532 θυγατέρα
382 2435 530 2508 Βάτειαν
551 2440 609 2508 καί
629 2437 858 2530 ἀποθνήσκων
878 2442 939 2530 τήν
953 2439 1141 2528 βασιλείαν.
1174 2440 1232 2509 καὶ
1248 2434 1351 2508 πόλιν

194 2841 222 2894 1.
242 2828 393 2907 Μοτόας]
418 2835 584 2892 Eustathius
611 2837 649 2892 ad
669 2837 757 2894 Dion.
777 2835 842 2894 Per.
863 2837 934 2896 494:
960 2831 1034 2913 λίγει
1061 2831 1095 2893 δὲ
1121 2829 1137 2894 ό
1165 2827 1259 2902 αύτός
1281 2853 1350 2910 γεω·

191 2920 313 3004 γράηος
338 2927 456 3003 (calami
480 2929 563 3005 lapsu
590 2929 760 2986 Strabonem
788 2931 942 2986 nominavit
968 2949 1021 3007 pro
1043 2927 1207 3006 Stephano)
1232 2923 1283 2986 καί
1304 2915 1350 2982 ότι

193 3013 345 3094 όἸστρος
365 3016 438 3075 ποτε
456 3015 595 3087 Ματόας
619 3015 749 3097 ε’λίγετο,
777 3011 795 3076 ό
820 3017 885 3078 ἐστι
905 3019 985 3079 κατὰ
1000 3012 1149 3097 Ἓλληνας
1170 3014 1273 3088 ‹imog-
1300 3015 1350 3077 καί

193 3101 241 3169 ὅτι
261 3105 407 3180 πολλάκις
425 3108 481 3186 μίν
501 3107 529 3169 ολ
545 3106 668 3170 Σκύθαι
690 3107 727 3171 δι’
751 3107 847 3170 αὐτοῦ
867 3108 1079 3190 περαιούμενοι
1101 3107 1190 3170 ούιλὲν
1204 3105 1349 3186 ἔπασχον,

194 3203 361 3284 συμφοράς
379 3199 416 3261 δέ
433 3225 505 3262 ποτε
526 3199 623 3262 αὐτοῦ
643 3198 846 3281 ἐπιπεσούσης
866 3197 1047 3282 ήρμηνεάθη
1066 3200 1225 3272 Δάνουσις
1245 3195 1264 3280 ἢ
1285 3194 1349 3262 Δά-

194 3301 308 3375 νουβις,
330 3287 434 3374 ὥσπερ
454 3297 510 3356 τού
531 3292 679 3374 ἁμαρτεῖν
698 3295 829 3366 ἐκείνους
851 3295 953 3355 αἰτίαν
974 3292 1060 3372 ίχων,
1083 3295 1241 3356 τουτίστιν
1254 3288 1351 3354 αίτιιό-

192 3411 283 3465 μενος
313 3387 366 3448 διὰ
394 3392 450 3448 τοῦ
479 3382 620 3447 τοιούτου
652 3384 804 3465 ὀνόματος
828 3385 877 3448 ὑπ’
905 3387 1026 3448 ἐκείνων
1055 3387 1135 3448 κατὰ
1167 3384 1222 3465 τήν
1249 3381 1352 3444 αὐτῶν

193 3483 337 3558 γλῶσσαν
357 3476 398 3549 ὡς
418 3478 515 3550 αίτιος
535 3476 640 3551 αὐτοῖς
661 3479 830 3559 δυστυχίας
848 3475 1015 3559 γενόμενος.
1095 3490 1122 3542 1.
1136 3489 1164 3540 2.
1186 3478 1351 3558 συμφοράς

194 3607 233 3616 -
252 3566 384 3649 ἐκλήθη]
408 3575 487 3632 Haec
508 3576 594 3632 ductu
615 3577 772 3645 Eusiathii,
799 3577 847 3651 qui
868 3576 1008 3654 Stephani
1030 3580 1116 3634 verba
1136 3575 1285 3650 aliquanto
1306 3574 1349 3628 in-

195 3667 302 3744 tegrius
323 3669 430 3746 scripta
451 3671 585 3737 servavit,
606 3681 673 3747 post
692 3662 914 3728 ἐπεπόνθεισαν
934 3670 1149 3747 transponenda
1169 3667 1312 3725 videntur.

195 3765 224 3818 3.
245 3751 348 3833 άσισς]
374 3753 483 3836 άσινής
507 3761 677 3820 Salmasius.
794 3764 823 3818 4.
845 3757 947 3818 αἰτίαν
967 3763 1030 3830 RV,
1054 3758 1112 3838 τὴν
1137 3757 1240 3818 αἰτίαν
1258 3761 1292 3817 Α.

195 3859 223 3913 5.
245 3846 337 3919 ίθνος
357 3846 417 3910 ἀπὸ
437 3845 561 3920 Δάσνος
582 3847 707 3932 (Δαόνα
727 3854 767 3929 R)
795 3847 855 3912 άπὸ
880 3855 936 3929 τῆς
952 3848 1080 3930 Ἰνδικῆς
1101 3855 1180 3921 libri,
1201 3873 1274 3909 εοετ.
1295 3855 1331 3909 Χ.

195 3951 223 4005 6.
246 3939 411 4021 Στράβων]
433 3950 464 4002 11
491 3966 520 4022 p.
535 3950 600 4003 516.
680 3951 709 4005 8.
729 3939 875 4025 Δηριόδῃ
895 3947 959 4016 RV,
979 3939 1117 4024 Δηριιίδι
1137 3947 1171 4004 λ.
1250 3949 1297 4002 11.
1318 3943 1350 4002 ἐκ

195 4037 360 4114 Σι[ιλίῦνος]
382 4039 419 4103 Η,
439 4032 527 4106 ἐξιτόν
545 4039 581 4095 B.
690 4027 740 4097 '13.
759 4033 914 4107 Ἰασίωνος
934 4041 1104 4106 Salmasius,
1121 4031 1256 4104 Ἰάσονος
1276 4037 1349 4094 libri.

214 4126 281 4199 ίνός
302 4131 370 4188 adil.
391 4129 427 4185 B.
512 4131 558 4188 14.
580 4123 768 4189 ἀποθανοῦσ
787 4135 913 4207 quinque
935 4134 1080 4191 literarum
1103 4134 1204 4189 lacuna
1225 4132 1349 4188 indicata

195 4226 230 4282 R.
327 4215 514 4299 Τηλειγάμης
534 4221 569 4291 R,
593 4219 800 4302 Τηλειγάσσης
820 4225 854 4280 Β.
878 4227 941 4284 vide
963 4227 1000 4282 ad
1023 4225 1133 4282 Moschi
1154 4224 1195 4281 ld.
1216 4231 1245 4291 2,
1265 4225 1313 4282 10.

195 4321 241 4374 17.
267 4315 403 4389 Τεῦκρος
423 4316 548 4372 Lobeck.
573 4317 711 4394 Aglaopii.
734 4339 761 4394 p.
784 4323 868 4386 1223,
892 4314 982 4393 Τρώς
1003 4317 1076 4374 libri.
1184 4311 1353 4392 Δάρδανον

194 4407 298 4465 lacuna
318 4406 443 4463 indicata
464 4427 520 4463 οιιι.
541 4408 576 4464 R.
