2902 5070
642 177 715 248 199

91 345 119 444 ᾗ
138 352 310 444 κατῴκουν
330 355 490 442 Λέλεγες.
523 351 708 446 ὠνομάσθη
731 355 763 426 δ’
788 355 859 428 άπδ
878 357 1054 449 Γαργάρου
1075 365 1135 428 τοῦ
1157 359 1252 445 Διός,

92 476 156 539 τοῦ
185 470 221 540 ἐκ
250 477 310 561 τῆς
340 472 544 554 Θεσσαλίας,
576 475 611 543 ἐν
639 473 811 566 Λαρίσσῃ.
856 477 1006 547 ἐκεῖναὶ
1035 476 1203 564 Διότιμος
1232 477 1251 549 ὃ

86 587 355 682 Ἀδραμυττηνὸς
370 590 526 662 ἐδίδασκε
540 591 728 682 γράμματα,
745 591 792 676 εἷς
804 587 843 688 όν
854 589 996 684 ’Ἀρατος
1009 591 1103 668 εἶπεν
1120 595 1251 692 ααλόζοι

93 709 148 778 ότι
174 715 299 795 μοῦνος
320 711 368 780 ε’νὶ
390 712 533 801 πέτρῃσι
555 709 703 800 κάθηται
726 713 845 782 παισὶν
866 722 898 781 Γ
897 715 1066 804 αργαρέιον
1084 720 1172 806 βῆτα
1192 716 1251 784 καὶ

91 826 189 921 άλφα
216 827 356 919 λέγοιθ’.
399 831 456 899 καὶ
483 839 513 900 Γ
512 827 640 920 όργαρα
667 825 763 922 δι’κρα.
803 828 1055 924 Ἐπαφρόδιτος
1081 836 1120 906 δέ
1146 859 1274 926 φησινε

91 948 146 1017 ότι
164 945 188 1038 ἡ
210 950 272 1032 μὲν
293 944 396 1028 πόλις
419 951 574 1039 θηλυκῶς
597 951 742 1039 λέγεται,
768 951 808 1020 τό
830 949 863 1020 δ’
888 949 1093 1045 ἀκρωτήριον
1114 951 1249 1024 οὐδετέ-

91 1093 168 1157 ρως.
197 1063 392 1148 Ἑλλάνικος
413 1069 452 1138 δὲ
473 1065 649 1158 Γόργασον
670 1067 816 1160 ἔφητὴν
837 1067 940 1140 πόλιν
959 1073 1019 1140 διό
1039 1077 1101 1142 τοῦ
1121 1080 1152 1156 ὃ,
1174 1070 1245 1142 ἀλλ’

90 1185 211 1272 οἷὀμαι
231 1184 372 1277 σφάλμα
394 1181 493 1256 εἶναι.
524 1184 596 1256 ἔστι
616 1189 672 1256 καὶ
687 1187 889 1283 Λαμψάκου
903 1189 1130 1278 πολισμάτιον
1147 1191 1253 1282 Γάρ-,

89 1332 222 1396 γαρον.
265 1304 337 1375 ἔστι
359 1307 416 1374 καὶ
438 1303 535 1396 ἑτέρα
555 1303 785 1396 τῆςἾταλιάς,
807 1311 864 1378 καὶ
884 1314 944 1399 τῆς
961 1307 1126 1401 Ἠπείρου
1147 1305 1245 1402 όλλη.

87 1427 128 1495 τό
152 1427 289 1495 ἕθνικδν
309 1435 341 1494 Γ
339 1422 510 1516 αργαρεός,
532 1428 590 1494 καὶ
610 1429 765 1514 θηλυκῶς
786 1427 963 1518 Γαργαρίς.
1258 1443 1287 1499 ιο

175 1552 413 1638 Γαργαρεῖς,
436 1543 539 1626 ἔθνος
559 1539 580 1614 ό
601 1544 754 1634 μίγνυται
774 1553 847 1630 ταῖς
863 1544 1054 1632 Ἀμαζόσιν,
1078 1546 1124 1630 άις
1137 1546 1245 1641 Στρά-

87 1671 159 1750 βων
178 1662 225 1733 τό.
264 1665 305 1735 τό
321 1666 469 1754 θηλυκόν
485 1674 515 1735 Γ
515 1664 651 1756 αργαρλς
673 1666 757 1733 κατά
776 1667 888 1754 τέχνην
911 1663 957 1747 ὥς
972 1666 1136 1757 Μεγαρίς,
1159 1669 1244 1737 κατὰ

89 1786 128 1854 δὲ
150 1784 189 1851 τὸ
212 1781 393 1874 ἐπιχώριον
413 1782 619 1876 Γαργαρηνὴ.

176 1901 321 1992 Γάργη,
345 1900 448 1984 πόλις
462 1901 606 1993 Λιβύης,
630 1899 677 1984 άις
697 1903 888 1992 πολυίστωρ
906 1905 941 1974 ἐν
957 1902 1050 1994 τρίτη
1067 1908 1241 1990 Λιβυκόν.

87 2022 126 2088 τό
150 2021 286 2091 όθνικδν
306 2029 473 2112 Γαργαῖος
496 2019 541 2102 ὡς
562 2030 735 2114 Βεργαῖος,
757 2028 804 2113 τῷ
824 2022 920 2113 τόπῳ
943 2025 981 2094 δὲ
1002 2022 1177 2114 Γαργίτης.
1254 2051 1282 2092 ιε

174 2139 417 2232 Γαργηττός,
447 2138 549 2222 πόλις
574 2143 631 2210 καὶ
658 2146 763 2232 δῆμος
789 2147 848 2232 τῆς
869 2138 1037 2230 Αἰγηίδος
1059 2143 1177 2233 φυλῆς.
1222 2139 1241 2212 ὃ

87 2257 232 2350 δημότης
258 2259 474 2352 Γαργήττιος.
514 2259 710 2351 Ἐπίκουρος
731 2261 920 2343 Νεοκλέους
943 2258 1158 2351 Γαργήττιος.
1199 2263 1240 2332 τό

85 2381 122 2450 ἐκ
142 2377 252 2449 τόπου
273 2377 523 2471 Γαργηττόθεν,
554 2380 611 2447 καὶ
636 2374 744 2449 τᾶλλα
774 2377 988 2463 άκολοόθιος,
1011 2389 1042 2448 Γ
1041 2377 1244 2471 αργηττόνδδ

84 2501 141 2568 καὶ
164 2505 357 2587 Γαργηττοῖ.
396 2495 549 2580 ὀξύνεται
571 2499 609 2567 δὲ
630 2499 669 2567 τὸ
692 2496 882 2586 Γαργηττός
911 2496 956 2580 ὡς
979 2496 1141 2586 Ὑμηιτός
1161 2508 1238 2572 Λυ-

83 2615 257 2706 καβηττός.
300 2615 449 2687 ἐνταῦθά
472 2641 558 2708 φασι
577 2617 617 2686 τό
639 2621 699 2684 τοῦ
717 2612 922 2704 Εόρυσθέιος
943 2623 1081 2686 κεῖσθαι
1104 2622 1211 2702 σῶμα.
1250 2639 1277 2678 ²⁰

170 2735 422 2825 Γαστρωνλα,
451 2733 543 2824 χώρα
565 2733 793 2816 Μακεδονίας,
819 2732 1028 2819 Θεόπομπος
1047 2733 1109 2804 κδ’.

84 2927 309 3011 1.(όνομόσθη]
331 2935 412 2992 Haec
432 2937 530 2994 nescio
552 2935 616 3010 quis
637 2934 676 2990 ita
696 2933 797 3012 paullo
817 2934 919 2992 melius
939 2936 1047 3014 scripta
1066 2936 1096 2992 in
1117 2934 1237 2994 suidam
1309 2931 1320 2950 ⁶

83 3028 191 3086 intulit:
217 3019 388 3102 ὠνομάσθη
415 3023 449 3084 δὲ
473 3021 534 3084 ἀπὸ
555 3024 587 3083 Γ
583 3018 722 3102 αργόρου
747 3025 805 3083 τοῦ
823 3021 902 3094 Διός
921 3025 972 3085 καὶ
991 3021 1162 3104 Λαρίσσης
1180 3026 1237 3104 τῆς

81 3119 113 3180 ἓν
135 3116 304 3200 Θεσσαλίᾳ.
331 3138 406 3195 quae
432 3140 495 3176 cum
520 3121 557 3176 ab
583 3119 713 3176 omnibus
734 3118 844 3178 Suidae
869 3119 955 3176 codd.
976 3123 1111 3178 abessent
1134 3121 1236 3177 merito

82 3215 197 3282 delevit,
219 3211 377 3270 Gaissordo
397 3221 565 3290 praeeunte,
585 3210 757 3287 Bernhardy
778 3212 832 3269 vol.
855 3217 868 3269 1
892 3232 922 3291 p.
944 3216 1029 3270 1072.
1121 3205 1154 3266 δὲ
1174 3202 1235 3266 ἀπὸ

80 3309 117 3366 R.
195 3310 225 3364 2.
239 3301 303 3362 λκεῖ
317 3301 368 3361 καὶ
387 3305 451 3373 RV,
472 3301 536 3362 ἐκεῖ
551 3299 584 3361 δὲ
606 3307 638 3362 Α.
716 3307 744 3361 3.
755 3304 783 3362 4.
798 3295 893 3376 αλάζον
912 3296 1064 3378 Διότιμον
1083 3292 1117 3369 ὃς
1136 3297 1168 3360 ἓν
1187 3295 1235 3357 πί-

79 3417 183 3474 τραισι
202 3396 289 3456 ΑυιΙι.
302 3396 366 3454 Pal.
379 3401 425 3465 11,
438 3398 505 3456 137.
583 3397 611 3454 4.
625 3393 656 3452 Γ
653 3392 813 3475 αργαρέων
832 3393 938 3456 παισὶν
950 3397 1035 3454 Anth.
1115 3396 1143 3452 5.
1155 3389 1185 3450 Γ
1183 3383 1234 3472 όρ-

78 3527 174 3586 γαρυν
195 3509 232 3564 Η.
329 3496 410 3582 όκρα
430 3525 486 3562 om.
508 3507 545 3564 V.
642 3509 671 3562 6.
691 3484 830 3580 θηλυκόό
848 3509 885 3565 R.
981 3501 1017 3566 τό
1038 3499 1072 3562 δὲ
1091 3503 1155 3562 RV.

77 3607 106 3661 7.
126 3597 187 3679 γάρ
206 3592 305 3676 γάσον
324 3597 360 3655 V.
448 3605 477 3658 9.
498 3594 625 3675 όαελρου
646 3598 683 3655 V.
767 3604 814 3656 11.
834 3598 865 3657 Γ
863 3597 994 3677 αργαρίς
1012 3600 1048 3657 R.
1133 3600 1180 3656 12.
1201 3591 1234 3653 τό

78 3695 123 3773 (p.
144 3691 215 3758 504)
237 3687 339 3759 HRV,
363 3681 681 3769 τεσσαρεσκαιδεκάτῃ
701 3693 734 3750 A.
871 3687 952 3748 κατὰ
976 3685 1083 3766 τέχνην
1107 3682 1149 3757 ὡς
1167 3687 1234 3748 Με·

76 3782 166 3865 γαρλς
186 3803 243 3842 om.
264 3785 300 3841 R.
380 3787 427 3841 13.
448 3781 499 3840 καὶ
519 3777 593 3841 τάδε
614 3803 667 3862 pro
687 3778 767 3841 κατὰ
788 3780 822 3841 δὲ
841 3785 878 3842 V.
957 3782 1003 3841 14.
1022 3780 1232 3857 Λυβικῶνλλ.
1351 3808 1363 3827 ·

79 3883 124 3940 15.
137 3878 181 3958 τῷ
198 3868 298 3956 τόπῳ]
320 3878 338 3934 i.
350 3897 376 3934 e.
390 3875 435 3954 τῷ
454 3872 591 3956 λγχωρίηι
611 3867 708 3955 τόπῳ,
732 3887 761 3932 ut
775 3897 798 3933 ι.
814 3896 838 3934 τ.
853 3870 1015 3950 Βύζαντος.
1095 3880 1141 3934 16.
1154 3873 1185 3933 Γ
1182 3893 1233 3954 αρ-

75 3964 168 4050 γητός
188 3971 224 4029 R.
342 3972 388 4026 17.
410 3965 439 4024 Γ
437 3961 583 4044 αργήτιος
601 3969 637 4025 R.
755 3971 802 4026 18.
823 3963 1044 4048 Γαργηττόθεν
1062 3968 1233 4036 Salmasius,

80 4063 108 4122 Γ
105 4061 285 4142 αργπίηθεν
306 4063 380 4118 libri.
460 4066 505 4118 19.
527 4057 577 4117 καὶ
598 4069 664 4117 ante
685 4058 864 4136 Γαργηττοῖ
878 4062 946 4118 add.
957 4063 993 4119 R.
1072 4059 1102 4118 Γ
1100 4059 1232 4136 αργῆται

78 4159 114 4215 V.
194 4148 261 4216 ότό
283 4173 336 4232 pro
357 4145 494 4221 όξόνιται
511 4149 545 4209 δι’
561 4148 595 4210 τό
611 4155 648 4210 V.
728 4156 775 4210 20.
788 4153 844 4209 τοῦ
864 4173 920 4212 om.
931 4152 1035 4212 HRV.
1114 4157 1161 4210 21.
1174 4150 1205 4210 Γ
1202 4171 1233 4211 ιι·

77 4245 212 4324 στριυνλιι
232 4271 249 4306 ε
271 4245 300 4304 Γ
297 4242 456 4322 ραστιυνία
482 4255 656 4324 corruptum.
774 4236 820 4301 κδ’
839 4246 879 4314 R,
904 4243 1028 4323 εἰκοστῇ
1048 4237 1178 4324 τετάρτη
1200 4248 1232 4314 Α,

76 4333 123 4398 κδ’
145 4340 180 4397 V.
