2880 5092
751 305 828 378 548

188 529 194 536 ·
291 490 519 571 Ῥίἰνόακσς,
543 485 645 568 πόλις
665 485 792 571 μεταξὺ
812 481 959 572 Φρυγίας
975 483 1032 550 καί
1043 476 1307 569 Ἑλλησπόντου.
1343 477 1377 546 σί

207 617 442 712 κατοικοῦντες
456 603 671 694 Ῥυνόακηνυί
693 601 739 684 ὥς
754 599 946 690 Κυζικηνοί.
984 599 1116 687 λέγεται
1139 598 1197 665 καί
1219 593 1293 665 ιίπό
1313 601 1378 664 τοῦ

208 729 385 811 Ῥόνόακας
407 725 555 816 θηλυκόν
571 721 755 803 Ῥυνδακίς,
778 723 835 789 καὶ
851 717 1070 806 Ῥυνδακίιης.

295 846 451 928 Ῥόπαι,
475 842 578 924 πόλις
593 837 743 929 Ἀχαϊκή.
782 839 915 926 λέγεται
935 837 992 906 καί
1008 832 1190 922 Ῥυπαίη,
1214 834 1253 914 ἐξ
1273 824 1314 902 οὗ
1335 833 1376 901 τό

189 965 379 1048 ιῬυπαίος.
404 961 422 1033 ό
439 961 579 1050 πολίτης
587 956 682 1052 ‘Prius
699 958 741 1025 τό
756 955 907 1044 κτητικόυ
921 951 992 1023 σἰπὸ
1006 949 1377 1033 τοῦῬόπτςῬυπικόν.

297 1081 466 1162 Ῥότιον,
490 1077 592 1159 πόλις
607 1075 751 1167 Κρήτης.
785 1071 804 1142 ὁ
823 1071 964 1162 πολίτης
974 1069 1131 1153 Ῥυτιεός.
1165 1075 1227 1140 τοῦ
1249 1067 1377 1140 όίῬυ-

216 1199 385 1283 τισισυός
402 1194 613 1275 Ῥυτιασσείις
634 1191 680 1275 ὡς
696 1187 986 1280 Ἁλικαρνασσεύς.

299 1315 487 1406 Ῥωγάνη,
516 1313 619 1394 πόλις
640 1313 675 1381 ἐν
695 1315 738 1402 τῇ
756 1309 888 1401 Ἰνδικῇ.

300 1435 436 1525 Taya,
459 1439 560 1523 νῆσος
581 1431 640 1500 ἐπὶ
660 1436 702 1522 τῇ
722 1429 850 1520 Λυκίᾳ.
892 1429 932 1496 τό
954 1425 1093 1497 ἐθνικόν
1108 1422 1280 1513 Ῥινγαῐος.

181 1593 208 1634 ru
276 1552 482 1644 ,Ῥωγμοί,
506 1549 663 1631 Κιλικίας
686 1547 846 1617 ἐπίνειον.
887 1547 927 1615 τό
949 1547 1087 1616 ἕθνικόν
1101 1543 1293 1632 Ῥωγμίτης.

301 1669 439 1760 Ῥώμη,
462 1665 691 1757 διοσημοτιίτη
709 1665 811 1750 πόλις
821 1666 977 1747 Ἰταλίας.
1009 1665 1048 1732 τό
1067 1663 1204 1732 iuvanda
1214 1659 1378 1746 Ῥωμαῖος

220 1790 266 1874 ὥς
290 1795 449 1880 Θηβαῖος.
495 1789 551 1856 καί
568 1783 717 1871 Ῥωμαία
738 1785 794 1854 καί
812 1781 964 1870 Ῥωμαΐς.

303 1905 513 1992 Ῥωμυλία,
541 1910 607 1972 τῶν
629 1901 664 1973 ἐν
682 1901 808 1995 Ἰταλίᾳ
829 1908 1001 1972 Σαυνιτῶν
1022 1898 1135 1980 πόλις.
1178 1901 1218 1968 τό
1243 1896 1381 1966 όθνικόν

217 2023 450 2114 Ῥιυμυλιότης.

104 2119 152 2214 ὀ
183 2185 209 2224 15
304 2140 411 2224 Ῥιόν,
434 2140 536 2222 πόλις
551 2145 610 2229 τῆς
625 2145 835 2230 Γανδαρικῆς
848 2138 1008 2221 Σκυθίας.
1040 2140 1079 2207 τὸ
1097 2132 1382 2216 ἐθνικόνῬιόνισς

222 2259 413 2352 ἢῬιυνίτης
435 2257 481 2340 ὡς
504 2258 663 2348 Θωνίτης.

304 2375 463 2459 Ῥωσός,
487 2375 589 2458 πόλις
608 2377 775 2459 Κιλικίας.
813 2378 851 2445 τό
874 2375 1011 2444 ἕθνικόν
1028 2373 1177 2456 Ῥώσιος.
1215 2371 1381 2443 ἀλλὰκαὶ

218 2494 366 2580 Ῥιυστιίς,
390 2493 437 2578 ὡς
458 2492 529 2565 σίπό
550 2501 618 2565 τοῦ·
636 2494 768 2586 Ταρσός
793 2493 952 2585 Ταρσεύς.
994 2495 1050 2562 καί
1069 2496 1108 2562 τὸ
1131 2495 1286 2582 κτητικόν
1303 2489 1379 2562 Ῥω-

223 2614 317 2699 σικός
341 2613 518 2710 αῬιυσικιίς
539 2613 744 2696 οκόπελας”.

184 2761 212 2800 τυ
309 2733 458 2820 Σαβαί,
488 2732 590 2814 πόλις
616 2731 744 2822 μεγάλη
771 2730 914 2820 πλησίον
935 2737 993 2821 τῆς
1015 2728 1181 2819 Ἐρυθρᾶς
1204 2727 1381 2818 θαλάσσης

225 2985 253 3038 1.
269 2973 450 3060 Ῥόνδιικσς]
465 2973 632 3048 Ῥυνδακός
652 2979 792 3040 edebatur
812 3002 835 3038 s.
856 3000 882 3038 v.
897 2971 1025 3054 Ἀρτυία
1046 2986 1076 3034 et
1094 2971 1256 3050 Βίσβικος,
1279 2979 1382 3054 quihus

225 3072 296 3136 locis
310 3081 562 3149 proparoxytonou
577 3075 697 3144 restitui,
718 3083 748 3130 ui
764 3073 911 3151 praecepit
926 3069 1108 3128 Herodianus
1124 3071 1206 3128 Hom.
1220 3069 1252 3127 ΙΙ.
1266 3065 1302 3139 ν’,
1316 3076 1382 3131 759.

225 3163 398 3240 singularem
429 3165 549 3222 sormam
571 3159 703 3235 Ῥόνιίοξ
733 3165 900 3244 suppeditat
927 3163 1020 3220 Catai.
1045 3163 1144 3220 tribua
1172 3183 1219 3220 no.
1242 3167 1309 3223 138.
1336 3163 1382 3220 ubi

225 3257 330 3333 legitur
349 3253 397 3314 ίπί
414 3249 567 3315 ‘Parum
588 3259 709 3317 eandem
730 3275 818 3336 supra
839 3257 948 3313 restitui
969 3275 997 3332 p.
1015 3257 1090 3340 (153,ἱ
1101 3261 1128 3314 8.
1144 3249 1319 3324 Ῥυνδακιῖς
1338 3257 1382 3313 di-

225 3351 298 3406 citur
319 3349 459 3406 Cinnamo
480 3349 554 3406 Hist.
571 3353 600 3419 2,
618 3354 645 3408 5.
668 3351 716 3425 qui
737 3351 808 3407 alias
830 3349 972 3406 communi
992 3345 1085 3404 forma
1107 3349 1202 3406 utitur.
1283 3341 1382 3422 πόλις]

224 3439 323 3498 Malim
344 3435 497 3514 ποταμὸς,
524 3441 577 3496 nisi
604 3441 680 3499 sorte
701 3443 849 3519 praeferas
870 3435 957 3507 πόλις
978 3436 1043 3510 [καί
1063 3435 1228 3515 naturum,
1251 3441 1381 3498 simodo

225 3541 303 3589 recte
327 3532 382 3588 hoc
408 3533 521 3590 nomine
549 3533 646 3591 urbem
673 3534 764 3591 fuisse
791 3534 902 3590 conicio
928 3549 964 3588 ex
990 3533 1093 3588 Nireta
1115 3531 1209 3590 Cium.
1231 3535 1260 3590 in
1283 3534 1382 3592 Alexio

227 3623 329 3680 Coma.
351 3623 398 3678 ed.
419 3623 512 3680 Bona.
537 3641 568 3700 p.
590 3625 643 3693 48,
670 3631 721 3684 19;
748 3619 783 3682 τὸ
809 3621 876 3701 περὶ
902 3619 956 3681 τὸν
976 3617 1142 3680 Ῥόνιίακον
1166 3623 1311 3702 ποταμόν
1334 3621 1383 3682 πό·

225 3714 320 3788 λισμα
345 3725 529 3772 memorante.
637 3721 664 3774 5.
685 3717 742 3773 τοῦ
757 3710 869 3784 Ῥυπός
895 3715 1064 3778 Salmasius.
1163 3711 1328 3776 Ῥυπτικόν
1348 3719 1382 3775 R

224 3811 251 3864 6.
262 3811 291 3866 7.
307 3800 490 3873 Ῥυτιίισσυς
509 3807 570 3876 AV,
585 3801 747 3875 Ῥυτίασσς
767 3809 802 3866 R.
881 3815 910 3867 9.
926 3801 986 3864 ἀπὸ
1008 3805 1063 3881 τῆς
1081 3803 1210 3876 Λυκίας
1231 3811 1296 3868 RV.
1315 3810 1382 3867 sort.

225 3901 311 3975 igitur
330 3893 390 3973 πρὸ
411 3899 466 3974 τῆς
484 3894 621 3968 Λυκίας.
730 3905 777 3960 13.
799 3895 963 3977 Σαυρίτιυν
982 3900 1017 3956 R.
1116 3904 1163 3956 16.
1187 3891 1333 3977 Θιυνίτης
1350 3903 1385 3968 Η,

225 3985 381 4065 Θιιυνίτης
400 3991 473 4048 libri.
574 3995 620 4050 17.
636 3985 751 4058 Ῥιῦσος
776 3994 849 4050 libri.
872 4011 896 4049 v.
918 3991 1074 4049 Herodian.
1098 3991 1165 4048 dict.
1187 3994 1264 4052 solii.
1286 4015 1317 4073 p.
1338 3999 1384 4054 38.

224 4083 347 4162 simplex
372 4083 463 4157 sigma
489 4101 505 4139 e
531 4083 617 4141 codd.
638 4085 830 4141 revocandum
856 4083 935 4162 apud
962 4081 1063 4140 Athen.
1084 4088 1102 4139 6
1126 4102 1156 4160 p.
1178 4087 1272 4144 229c.
1300 4095 1330 4144 et
1351 4089 1384 4144 13

223 4192 253 4247 p.
272 4178 329 4231 586
342 4193 368 4229 e.
389 4175 455 4231 item
478 4175 555 4251 apud
576 4177 692 4232 Aristot.
715 4175 800 4234 Veut.
821 4196 898 4234 nom.
920 4196 950 4254 p.
972 4179 1037 4242 973,
1060 4177 1106 4232 17.
1129 4176 1176 4230 ubi
1196 4179 1299 4253 paullo
1319 4189 1384 4257 post

224 4265 438 4340 corruptissime
463 4263 571 4320 editur:
598 4257 659 4323 ἀπὸ
685 4267 747 4324 τῶν
771 4263 894 4343 Συρίων
918 4266 1037 4334 πυλῶν,
1065 4258 1102 4334 ἃς
1126 4261 1286 4344 ιίιίστηκιν
1313 4271 1382 4348 (leg.

224 4349 394 4428 dilatasses)
415 4343 433 4409 ό
452 4371 484 4409 τι
508 4352 633 4431 Ταῦρος
652 4354 703 4413 καί
727 4352 888 4436 Ταυρόσια
910 4350 977 4433 όρη.
999 4359 1055 4433 ieg.
1076 4354 1115 4416 τὰ
1132 4352 1247 4416 Ῥιόσιιι
1269 4353 1339 4440 ὄρη.

222 4438 310 4511 πόλις
329 4439 471 4510 Κιλικίας
497 4444 565 4503 add.
587 4446 649 4503 RV.
