2888 5070
694 195 698 204 “
744 211 819 284 314

288 397 455 481 Θιβαΐς,
476 392 583 474 τόπος
604 396 690 482 πρὸς
712 399 759 482 τῷ
781 389 912 479 Πόντῳ,
936 388 1007 459 άπὸ
1028 397 1110 476 μιάς
1131 398 1200 461 τῶν
1215 391 1364 480 Ἀμαζό.

202 543 267 587 νων
284 513 339 606 ὑφ’
352 512 561 604 Ἡρακλέους
577 511 825 602 ἀναιρεθεισῶν
847 512 1022 598 κληθεῖσα.
1057 517 1171 582 πεσεῖν
1192 510 1254 603 γάρ
1278 539 1365 606 φησι

201 638 262 717 τάς
281 632 428 722 μάλιστα
449 628 694 722 διαφερούσας,
728 628 883 722 Τράλλαν
911 655 948 698 τε
975 632 1031 699 καὶ
1054 627 1279 719 Ἰσοκράτειον
1307 635 1366 702 καί

204 755 314 841 Θίβαν
335 755 391 822 καὶ
407 749 550 820 Πάλλαν
570 754 628 820 καὶ
644 751 753 820 Κοίαν
775 751 832 819 καὶ
846 748 1000 820 Κοινίαν.
1036 747 1055 819 ό
1074 749 1215 839 τοπίτης
1229 749 1364 836 Θίβιος,

177 870 250 955 τῶς
270 871 342 943 άπὸ
364 876 423 962 τῆς
445 872 552 961 Θίβης
573 868 722 952 εὐθείας.
767 866 839 938 ἔστι
868 869 906 937 δὲ
934 865 1037 949 ἔθνος
1063 870 1286 954 βασκαντικδν
1307 872 1367 938 καὶ

203 989 438 1084 φθοροποιόν,
466 986 512 1072 ὡς
534 986 687 1072 Δίδυμος
708 985 742 1055 ἐν
764 989 907 1076 δευτέρῳ
928 991 1170 1071 συμποσιακῶν
1193 995 1368 1082 αθανατοῖ

203 1113 242 1181 δὲ
261 1111 300 1178 τό
323 1114 455 1194 πνεῦμα
476 1104 585 1176 αὐτῶν
607 1098 659 1185 οἷς
680 1101 721 1173 iio
742 1102 923 1195 πλησιάζῃ.
961 1105 1018 1172 καὶ
1038 1105 1080 1172 τά
1096 1103 1237 1189 σώματα
1254 1103 1365 1177 αὐτῶν

204 1229 252 1311 είς
275 1226 455 1298 θάλασσαν
476 1225 617 1316 ῥιφέντα
644 1220 685 1292 οὐ
707 1219 967 1292 καταδόουσιν”.

289 1346 460 1436 Θίβρος,
489 1339 591 1422 πόλις
613 1341 790 1433 [Καρίας]
824 1340 1018 1433 Λυκόφρων
1043 1339 1248 1434 κοἳΘίβρον
1269 1341 1363 1434 οἰκή-

164 1492 303 1542 ιοσουσι
322 1461 465 1534 Σάτνιόν
484 1459 511 1530 τ’
536 1456 651 1553 όρος”.
694 1462 734 1530 τό
757 1460 895 1532 ἔθνικδν
917 1459 1071 1552 Θίβριος.

288 1585 429 1673 Θίγγη,
449 1578 551 1662 πόλις
565 1576 709 1668 Λιβύης.
740 1576 915 1661 Ἑκαταῖος
931 1579 1137 1671 περιηγήσει.
1167 1583 1207 1650 τδ
1226 1582 1366 1651 ἕθνικὸν

204 1705 353 1796 Θίγγιος.

245 1889 248 1904 ,
289 1821 378 1902 Θίς,
401 1817 503 1899 πόλις
522 1816 700 1908 Αἰγυπτία
722 1818 866 1908 πλησίον
881 1815 1037 1904 Ἀβύδου.
1075 1816 1365 1907 όπολίτηςθινί-

204 1969 272 2032 της.
311 1936 533 2026 Ἀλέξανδρος
552 1934 796 2025 Αἶγαπτιακῶν
818 1934 952 2026 πρώτην.

167 2093 192 2133 ιε
291 2057 447 2144 Θίσβη,
484 2051 587 2135 πόλις
621 2053 799 2138 Βοιωτίας.
844 2053 989 2146 Ὅμηρος
1028 2054 1295 2149 «πολυτρήρωνά
1328 2083 1364 2125 τε

205 2173 371 2268 Θίσβην”.
410 2171 481 2243 άπό
503 2172 633 2262 Θίσβης
653 2179 712 2263 τής
734 2171 904 2244 Ἀσωποῦ.
943 2177 1076 2265 λέγεται
1098 2177 1154 2243 καί
1177 2176 1365 2263 πληθυντι-

203 2303 281 2379 κῶς.
325 2292 343 2365 ό
372 2292 512 2384 πολίτης
540 2297 716 2378 Θισβαῖος.
761 2293 817 2360 καί
844 2288 863 2361 ὁ
891 2294 992 2382 λιμήν
1019 2297 1057 2364 δὲ
1083 2300 1150 2362 τῶν
1178 2292 1364 2380 Θισβαίων,

162 2469 170 2490 .
205 2416 251 2499 άίς
272 2440 374 2507 φησιν
392 2409 658 2502 Ἐπαφρόδιτος,
688 2414 746 2481 καὶ
770 2412 809 2479 τό
830 2411 980 2483 ἐπίνειον
1001 2418 1206 2505 περιστερῶν
1228 2415 1363 2502 πλῆρες.

205 2604 406 2618 ,....,...-.-

190 2719 234 2772 ’1.
249 2708 363 2787 Θιβαίς
382 2711 437 2790 Pp,
460 2706 583 2786 Θηβαΐς
602 2712 690 2780 ARV,
713 2706 797 2787 Θίβα
817 2714 949 2772 Eustath.
968 2715 1004 2771 nd
1017 2714 1104 2771 Dion.
1116 2713 1182 2770 Per.
1195 2717 1266 2771 828:
1287 2705 1366 2788 πρός

203 2806 250 2884 τῷ
265 2797 380 2883 Πόντῳ
402 2800 435 2860 δι’
457 2798 541 2877 Θίβα
561 2797 656 2871 τόπος
676 2800 727 2860 διά
749 2805 805 2862 τοῦ
826 2813 838 2863 ῖ
856 2800 935 2880 έχων
953 2802 1010 2882 τήν
1029 2799 1282 2883 παραλήγουσαν,
1303 2799 1364 2862 άιιδ

201 2896 277 2972 μιᾶς
307 2895 370 2952 τῶν
397 2889 450 2972 ὑφ’
478 2890 670 2972 Ἡρακλέους
700 2891 926 2972 διαιρεθεισῶν
952 2891 1128 2973 Ἀμαζόνων
1157 2898 1278 2972 σχοῦσα
1308 2892 1366 2972 τὴν

202 2987 325 3066 κλῆσιν,
348 2969 391 3044 ῶν
411 2982 443 3043 αἱ
463 2980 624 3064 διάφοροι,
645 2986 805 3068 τουτέστιν
825 2984 858 3046 αἳ
876 2983 1079 3066 ὑπερέχουσαι
1100 2988 1151 3049 καί
1171 2983 1364 3066 ἀξιολογώτε-

205 3100 266 3155 ραι,
288 3076 368 3138 κατὰ
389 3075 445 3155 τήν
459 3073 624 3156 Ἀρριανοῦ
644 3074 793 3157 ἱστορίαν,
814 3078 891 3140 εἰσίν
905 3067 998 3140 αὗται
1012 3080 1092 3160 πρός
1105 3075 1211 3157 ὄνομα,
1234 3075 1366 3159 Τράλλα

200 3166 389 3250 Ἰσοκριίτεια
412 3168 498 3247 Θίβα
513 3163 628 3229 Πάλλα
647 3169 700 3229 καί
721 3165 822 3231 άλλαι.
845 3177 893 3250 qui
910 3177 1022 3233 Arriani
1042 3178 1203 3235 citationem
1225 3177 1288 3233 sine
1309 3175 1364 3231 du·

204 3269 252 3325 bio
273 3267 424 3346 Stephano
446 3266 546 3334 debet,
574 3285 658 3341 quem
684 3285 741 3323 non
764 3261 863 3342 Θίβα,
891 3278 921 3324 ut
944 3271 1078 3347 opinatur
1097 3270 1138 3338 B,
1164 3269 1243 3326 iilum
1271 3268 1365 3324 iocum

204 3362 383 3429 nominasse,
409 3360 462 3418 sed
486 3378 544 3435 quo
570 3358 634 3415 libri
660 3358 768 3416 ducunt
795 3356 923 3435 Θιβαίς,
952 3380 969 3418 e
990 3362 1177 3438 sequentibus
1203 3361 1297 3418 vorbis
1318 3362 1364 3417 in-

203 3454 353 3529 telligitur:
380 3447 396 3511 ὁ
421 3447 549 3527 τοιιίτης
575 3446 699 3524 Θίβιος,
726 3446 767 3520 ῶς
792 3447 853 3511 ἀπὸ
878 3453 934 3529 τῆς
961 3448 1066 3529 Θίβης
1091 3446 1224 3521 εὐθείας.
1250 3453 1305 3509 nisi
1335 3453 1365 3510 id

206 3539 299 3618 Θῖβις
324 3545 506 3602 scribendum
533 3555 586 3604 est.
703 3549 732 3603 2.
754 3539 979 3621 ἀναιρεθεισῶν
1004 3547 1066 3615 RV,
1098 3541 1298 3621 άναιρεθεῖσα
1320 3543 1363 3614 Π,

205 3629 422 3711 ἀναιρεθείσης
442 3639 474 3694 Α.
553 3655 629 3717 φησι
651 3639 686 3706 V,
707 3657 785 3717 φασι
806 3639 865 3697 AR.
887 3639 1038 3696 Arrionum
1060 3638 1138 3707 dicit,
1160 3639 1240 3696 cuius
1260 3657 1365 3706 nomen

203 3728 372 3807 Stephanus
391 3739 539 3807 posuerat.
649 3736 677 3788 3.
701 3722 848 3807 Τράλλαν
867 3728 953 3809 Ppfl
968 3741 997 3789 et
1023 3731 1104 3787 Eust.
1127 3730 1164 3787 ad
1185 3731 1272 3787 Dion.
1293 3730 1312 3787 l.
1334 3731 1365 3798 l.,

206 3812 350 3898 Τράλλον
360 3822 398 3889 V,
422 3819 580 3897 Τραλλιάν
594 3825 629 3892 R,
653 3815 782 3899 Τράϋαν
794 3826 832 3881 A:
902 3816 1091 3901 Ἰσκράτειαν
1104 3823 1140 3881 V.
1220 3823 1247 3880 4.
1262 3817 1367 3897 Θίβαν

203 3913 266 3980 RV,
290 3905 402 3987 Θήβαν
421 3916 454 3969 Α.
550 3909 660 3990 Θίβιος
679 3917 760 3994 PpV,
783 3911 903 3993 Θήβιος
923 3918 983 3974 AR.
1083 3919 1111 3974 5.
1135 3911 1235 3990 Θήβης
1254 3915 1366 3993 PpRv,

206 3996 317 4080 Θήβης
336 4007 371 4082 Α,
391 4004 428 4059 cf.
451 4003 488 4058 ad
508 4004 558 4063 lin.
580 4013 607 4065 1.
706 4005 927 4082 βασκανιτικόν
947 4011 982 4067 R.
1080 4012 1109 4068 7.
1130 4000 1287 4082 πλησιάζει
1308 4007 1345 4066 R.

204 4100 232 4155 8·
254 4093 297 4164 θές
320 4086 486 4152 θάλατταν
511 4088 638 4176 ῥιφέντα
663 4101 701 4170 V,
732 4099 775 4170 είς
798 4097 961 4159 θάλατταν
985 4093 1141 4180 ῥιφθέντα
1165 4101 1205 4168 R,
1235 4092 1366 4178 ῥιφέντα

204 4185 247 4257 ἕίς
266 4181 437 4246 θάλασσαν
456 4191 490 4244 Α·
589 4199 616 4252 9.
639 4191 762 4269 Καρίας
782 4194 850 4251 add.
871 4193 910 4251 Μ.
993 4187 1193 4272 Λυκόφρων]
1216 4213 1256 4250 vs.
1278 4198 1365 4254 1390.

204 4283 253 4338 ubi
275 4277 390 4357 Θίγρον
410 4279 514 4338 editor.
598 4290 644 4343 11.
665 4281 783 4343 ἕκατῶν
803 4288 837 4353 R,
857 4281 965 4354 έκατος
985 4287 1020 4344 V.
1101 4287 1207 4344 1514.
1229 4279 1366 4362 Θινήιης

204 4373 239 4444 R,
261 4393 317 4431 om.
339 4375 375 4432 V.
495 4375 541 4433 15.
556 4365 707 4455 Ὅμηρος]
728 4377 810 4446 11.2,
831 4381 897 4436 502.
1010 4383 1059 4438 18.
1080 4377 1203 4455 πλῆθος
1222 4378 1286 4436 RV.
