<?xml version="1.0" encoding="UTF-8"?>
<!DOCTYPE html PUBLIC "-//W3C//DTD XHTML 1.0 Transitional//EN"
    "http://www.w3.org/TR/xhtml1/DTD/xhtml1-transitional.dtd">
<html xmlns="http://www.w3.org/1999/xhtml" xml:lang="en" lang="en">
 <head>
  <title>
</title>
<meta http-equiv="Content-Type" content="text/html;charset=utf-8" />
  <meta name='ocr-system' content='tesseract 3.04.00' />
  <meta name='ocr-capabilities' content='ocr_page ocr_carea ocr_par ocr_line ocrx_word'/>
</head>
<body>
  <div class='ocr_page' id='page_1' title='image "./stephanibyzanti00meingoog_0117.png"; bbox 0 0 2888 5084; ppageno 0'>
   <div class='ocr_carea' id='block_1_1' title="bbox 762 251 834 323">
    <p class='ocr_par' dir='ltr' id='par_1_1' title="bbox 762 251 834 323">
     <span class='ocr_line' id='line_1_1' title="bbox 762 251 834 323; baseline 0 -1"><span class='ocrx_word' id='word_1_1' title='bbox 762 251 834 323; x_wconf 74' lang='lat'><strong><em>104</em></strong></span> 
     </span>
    </p>
   </div>
   <div class='ocr_carea' id='block_1_2' title="bbox 120 424 1382 2894">
    <p class='ocr_par' dir='ltr' id='par_1_2' title="bbox 120 424 1382 2894">
     <span class='ocr_line' id='line_1_2' title="bbox 220 424 1379 522; baseline 0 -24"><span class='ocrx_word' id='word_1_2' title='bbox 220 435 286 512; x_wconf 80' lang='grc' dir='ltr'><strong><em>τῶν</em></strong></span> <span class='ocrx_word' id='word_1_3' title='bbox 305 424 476 518; x_wconf 74' lang='grc' dir='ltr'><em>Γιγάντων</em></span> <span class='ocrx_word' id='word_1_4' title='bbox 498 427 765 519; x_wconf 78' lang='grc' dir='ltr'><strong><em>ἐπικαλεσαμένη</em></strong></span> <span class='ocrx_word' id='word_1_5' title='bbox 785 430 843 498; x_wconf 91' lang='grc' dir='ltr'><strong><em>τδν</em></strong></span> <span class='ocrx_word' id='word_1_6' title='bbox 859 426 1030 519; x_wconf 88' lang='grc' dir='ltr'><strong><em>Ἡρακλέα</em></strong></span> <span class='ocrx_word' id='word_1_7' title='bbox 1053 426 1197 522; x_wconf 74' lang='grc' dir='ltr'><strong><em>ἔκρυψεν</em></strong></span> <span class='ocrx_word' id='word_1_8' title='bbox 1218 429 1253 498; x_wconf 89' lang='grc' dir='ltr'><strong><em>έν</em></strong></span> <span class='ocrx_word' id='word_1_9' title='bbox 1274 437 1379 498; x_wconf 79' lang='grc' dir='ltr'><strong><em>κεοδ-</em></strong></span> 
     </span>
     <span class='ocr_line' id='line_1_3' title="bbox 221 543 1380 637; baseline 0 -21"><span class='ocrx_word' id='word_1_10' title='bbox 221 547 309 633; x_wconf 82' lang='grc' dir='ltr'><strong><em>μιόνί</em></strong></span> <span class='ocrx_word' id='word_1_11' title='bbox 339 573 423 629; x_wconf 94' lang='grc' dir='ltr'><strong><em>τινι,</em></strong></span> <span class='ocrx_word' id='word_1_12' title='bbox 459 549 518 615; x_wconf 84' lang='grc' dir='ltr'><strong><em>καὶ</em></strong></span> <span class='ocrx_word' id='word_1_13' title='bbox 550 553 616 615; x_wconf 81' lang='grc' dir='ltr'><strong><em>τῶν</em></strong></span> <span class='ocrx_word' id='word_1_14' title='bbox 648 543 818 637; x_wconf 88' lang='grc' dir='ltr'><strong><em>Γιγάντων</em></strong></span> <span class='ocrx_word' id='word_1_15' title='bbox 851 547 989 618; x_wconf 64' lang='grc' dir='ltr'><strong><em>ἕκαστον</em></strong></span> <span class='ocrx_word' id='word_1_16' title='bbox 1019 549 1178 636; x_wconf 81' lang='grc' dir='ltr'><em>δεχομένη</em></span> <span class='ocrx_word' id='word_1_17' title='bbox 1207 543 1290 615; x_wconf 69' lang='grc' dir='ltr'><strong><em>καθ’</em></strong></span> <span class='ocrx_word' id='word_1_18' title='bbox 1322 548 1380 616; x_wconf 72' lang='grc' dir='ltr'><strong><em>ἕνα</em></strong></span> 
     </span>
     <span class='ocr_line' id='line_1_4' title="bbox 222 661 1380 756; baseline 0 -21"><span class='ocrx_word' id='word_1_19' title='bbox 222 671 270 756; x_wconf 77' lang='grc' dir='ltr'><strong><em>τῷ</em></strong></span> <span class='ocrx_word' id='word_1_20' title='bbox 287 663 449 754; x_wconf 83' lang='grc' dir='ltr'><strong><em>Ἡρακλεῖ</em></strong></span> <span class='ocrx_word' id='word_1_21' title='bbox 469 665 656 755; x_wconf 78' lang='grc' dir='ltr'><strong><em>παρεδίδου</em></strong></span> <span class='ocrx_word' id='word_1_22' title='bbox 678 667 876 755; x_wconf 82' lang='grc' dir='ltr'><strong><em>δολοφονεῖν</em></strong></span> <span class='ocrx_word' id='word_1_23' title='bbox 897 667 934 748; x_wconf 83' lang='grc' dir='ltr'><strong><em>έξ</em></strong></span> <span class='ocrx_word' id='word_1_24' title='bbox 951 662 1119 755; x_wconf 81' lang='grc' dir='ltr'><strong><em>άπάτης”.</em></strong></span> <span class='ocrx_word' id='word_1_25' title='bbox 1149 661 1324 746; x_wconf 79' lang='grc' dir='ltr'><strong><em>Ἑκαταῖος</em></strong></span> <span class='ocrx_word' id='word_1_26' title='bbox 1340 668 1380 736; x_wconf 83' lang='grc' dir='ltr'><strong><em>δέ</em></strong></span> 
     </span>
     <span class='ocr_line' id='line_1_5' title="bbox 224 778 1381 876; baseline -0.002 -22"><span class='ocrx_word' id='word_1_27' title='bbox 224 783 353 854; x_wconf 83' lang='grc' dir='ltr'><em>κόλπον</em></span> <span class='ocrx_word' id='word_1_28' title='bbox 375 778 448 852; x_wconf 79' lang='grc' dir='ltr'><strong><em>οἶδε</em></strong></span> <span class='ocrx_word' id='word_1_29' title='bbox 468 785 526 853; x_wconf 88' lang='grc' dir='ltr'><strong><em>τδν</em></strong></span> <span class='ocrx_word' id='word_1_30' title='bbox 548 781 758 870; x_wconf 83' lang='grc' dir='ltr'><strong><em>Ἀπάτοιιρον</em></strong></span> <span class='ocrx_word' id='word_1_31' title='bbox 780 783 815 852; x_wconf 86' lang='grc' dir='ltr'><strong><em>έν</em></strong></span> <span class='ocrx_word' id='word_1_32' title='bbox 835 789 877 874; x_wconf 77' lang='grc' dir='ltr'><strong><em>τῇ</em></strong></span> <span class='ocrx_word' id='word_1_33' title='bbox 899 781 1008 876; x_wconf 77' lang='grc' dir='ltr'><strong><em>Ἀσίᾳ.</em></strong></span> <span class='ocrx_word' id='word_1_34' title='bbox 1051 785 1091 853; x_wconf 87' lang='grc' dir='ltr'><strong><em>τδ</em></strong></span> <span class='ocrx_word' id='word_1_35' title='bbox 1112 783 1254 852; x_wconf 88' lang='grc' dir='ltr'><strong><em>τοπικδν</em></strong></span> <span class='ocrx_word' id='word_1_36' title='bbox 1270 780 1381 852; x_wconf 89' lang='grc' dir='ltr'><strong><em>Ἀπά-</em></strong></span> 
     </span>
     <span class='ocr_line' id='line_1_6' title="bbox 199 899 1382 994; baseline -0.003 -22"><span class='ocrx_word' id='word_1_37' title='bbox 199 925 351 994; x_wconf 71' lang='grc' dir='ltr'><strong><em>5τουρος,</em></strong></span> <span class='ocrx_word' id='word_1_38' title='bbox 375 899 462 971; x_wconf 84' lang='grc' dir='ltr'><strong><em>άλλά</em></strong></span> <span class='ocrx_word' id='word_1_39' title='bbox 485 903 540 972; x_wconf 85' lang='grc' dir='ltr'><strong><em>καί</em></strong></span> <span class='ocrx_word' id='word_1_40' title='bbox 557 899 808 990; x_wconf 88' lang='grc' dir='ltr'><strong><em>Ἀπατουρίτης.</em></strong></span> <span class='ocrx_word' id='word_1_41' title='bbox 842 900 984 971; x_wconf 84' lang='grc' dir='ltr'><strong><em>δύναται</em></strong></span> <span class='ocrx_word' id='word_1_42' title='bbox 1005 904 1062 970; x_wconf 85' lang='grc' dir='ltr'><strong><em>καί</em></strong></span> <span class='ocrx_word' id='word_1_43' title='bbox 1077 899 1304 988; x_wconf 78' lang='grc' dir='ltr'><strong><em>Ἀπατούριος</em></strong></span> <span class='ocrx_word' id='word_1_44' title='bbox 1324 900 1382 969; x_wconf 78' lang='grc' dir='ltr'><strong><em>καί</em></strong></span> 
     </span>
     <span class='ocr_line' id='line_1_7' title="bbox 219 1018 455 1110; baseline -0.013 -20"><span class='ocrx_word' id='word_1_45' title='bbox 219 1018 455 1110; x_wconf 83' lang='grc' dir='ltr'><strong><em>Ἀπατουρεάς.</em></strong></span> 
     </span>
     <span class='ocr_line' id='line_1_8' title="bbox 305 1136 1382 1231; baseline 0 -22"><span class='ocrx_word' id='word_1_46' title='bbox 305 1138 346 1209; x_wconf 88' lang='grc' dir='ltr'><strong><em>Ἀ</em></strong></span> <span class='ocrx_word' id='word_1_47' title='bbox 353 1141 533 1223; x_wconf 85' lang='grc' dir='ltr'><strong><em>πέννιον,</em></strong></span> <span class='ocrx_word' id='word_1_48' title='bbox 557 1136 635 1231; x_wconf 81' lang='grc' dir='ltr'><strong><em>ὅρος</em></strong></span> <span class='ocrx_word' id='word_1_49' title='bbox 657 1142 715 1210; x_wconf 84' lang='grc' dir='ltr'><strong><em>διά</em></strong></span> <span class='ocrx_word' id='word_1_50' title='bbox 737 1143 840 1230; x_wconf 86' lang='grc' dir='ltr'><strong><em>μέσης</em></strong></span> <span class='ocrx_word' id='word_1_51' title='bbox 851 1137 995 1222; x_wconf 83' lang='grc' dir='ltr'><strong><em>Ἰταλίας</em></strong></span> <span class='ocrx_word' id='word_1_52' title='bbox 1015 1141 1194 1224; x_wconf 89' lang='grc' dir='ltr'><strong><em>τεταμένον</em></strong></span> <span class='ocrx_word' id='word_1_53' title='bbox 1217 1137 1300 1231; x_wconf 54' lang='grc' dir='ltr'><strong><em>«τήν</em></strong></span> <span class='ocrx_word' id='word_1_54' title='bbox 1320 1138 1382 1223; x_wconf 86' lang='grc' dir='ltr'><strong><em>μέν</em></strong></span> 
     </span>
     <span class='ocr_line' id='line_1_9' title="bbox 169 1241 1381 1348; baseline -0.001 -22"><span class='ocrx_word' id='word_1_55' title='bbox 169 1241 172 1248; x_wconf 35' lang='lat'><strong>⁴</strong></span> <span class='ocrx_word' id='word_1_56' title='bbox 224 1285 265 1348; x_wconf 24' lang='grc' dir='ltr'><strong><em>τι.</em></strong></span> <span class='ocrx_word' id='word_1_57' title='bbox 279 1259 383 1346; x_wconf 80' lang='grc' dir='ltr'><em>μέσην</em></span> <span class='ocrx_word' id='word_1_58' title='bbox 401 1253 479 1347; x_wconf 80' lang='grc' dir='ltr'><strong><em>δ’ρος</em></strong></span> <span class='ocrx_word' id='word_1_59' title='bbox 496 1253 614 1342; x_wconf 83' lang='grc' dir='ltr'><strong><em>άνδιχα</em></strong></span> <span class='ocrx_word' id='word_1_60' title='bbox 629 1259 751 1342; x_wconf 80' lang='grc' dir='ltr'><strong><em>τέμνει,</em></strong></span> <span class='ocrx_word' id='word_1_61' title='bbox 776 1257 795 1326; x_wconf 82' lang='lat' dir='ltr'><strong><em>li</em></strong></span> <span class='ocrx_word' id='word_1_62' title='bbox 810 1256 852 1346; x_wconf 81' lang='grc' dir='ltr'><strong><em>ῥά</em></strong></span> <span class='ocrx_word' id='word_1_63' title='bbox 867 1285 903 1326; x_wconf 89' lang='grc' dir='ltr'><strong><em>τε</em></strong></span> <span class='ocrx_word' id='word_1_64' title='bbox 918 1255 1151 1347; x_wconf 84' lang='grc' dir='ltr'><strong><em>κικλήσκουσιν</em></strong></span> <span class='ocrx_word' id='word_1_65' title='bbox 1167 1254 1381 1326; x_wconf 79' lang='grc' dir='ltr'><strong><em>Ἀπέννιον”.</em></strong></span> 
     </span>
     <span class='ocr_line' id='line_1_10' title="bbox 224 1369 1381 1465; baseline -0.003 -18"><span class='ocrx_word' id='word_1_66' title='bbox 224 1378 264 1447; x_wconf 87' lang='grc' dir='ltr'><strong><em>τδ</em></strong></span> <span class='ocrx_word' id='word_1_67' title='bbox 286 1377 438 1465; x_wconf 82' lang='grc' dir='ltr'><strong><em>κτητικδν</em></strong></span> <span class='ocrx_word' id='word_1_68' title='bbox 458 1373 660 1458; x_wconf 84' lang='grc' dir='ltr'><strong><em>Ἀπέννειος,</em></strong></span> <span class='ocrx_word' id='word_1_69' title='bbox 683 1375 722 1445; x_wconf 84' lang='grc' dir='ltr'><strong><em>τὰ</em></strong></span> <span class='ocrx_word' id='word_1_70' title='bbox 745 1373 884 1446; x_wconf 75' lang='grc' dir='ltr'><strong><em>ἓθνικδν</em></strong></span> <span class='ocrx_word' id='word_1_71' title='bbox 904 1373 1095 1460; x_wconf 85' lang='grc' dir='ltr'><strong><em>Ἀπεννῖνος</em></strong></span> <span class='ocrx_word' id='word_1_72' title='bbox 1117 1371 1163 1457; x_wconf 80' lang='grc' dir='ltr'><strong><em>ὡς</em></strong></span> <span class='ocrx_word' id='word_1_73' title='bbox 1180 1371 1337 1464; x_wconf 80' lang='grc' dir='ltr'><strong><em>Ῥηγῖνος,</em></strong></span> <span class='ocrx_word' id='word_1_74' title='bbox 1361 1369 1381 1445; x_wconf 81' lang='grc' dir='ltr'><strong><em>δ</em></strong></span> 
     </span>
     <span class='ocr_line' id='line_1_11' title="bbox 188 1492 737 1584; baseline -0.007 -20"><span class='ocrx_word' id='word_1_75' title='bbox 188 1496 320 1584; x_wconf 79' lang='grc' dir='ltr'><strong><em>τοπαρδ</em></strong></span> <span class='ocrx_word' id='word_1_76' title='bbox 341 1492 542 1584; x_wconf 80' lang='grc' dir='ltr'><strong><em>Πεισάνδρῳ</em></strong></span> <span class='ocrx_word' id='word_1_77' title='bbox 562 1501 669 1564; x_wconf 84' lang='grc' dir='ltr'><strong><em>κεῖται</em></strong></span> <span class='ocrx_word' id='word_1_78' title='bbox 692 1492 737 1583; x_wconf 87' lang='grc' dir='ltr'><strong><em>ιγ’.</em></strong></span> 
     </span>
     <span class='ocr_line' id='line_1_12' title="bbox 305 1611 1382 1702; baseline 0 -22"><span class='ocrx_word' id='word_1_79' title='bbox 305 1611 345 1680; x_wconf 91' lang='grc' dir='ltr'><strong><em>Ἀ</em></strong></span> <span class='ocrx_word' id='word_1_80' title='bbox 352 1611 593 1702; x_wconf 89' lang='grc' dir='ltr'><strong><em>περάντεια,</em></strong></span> <span class='ocrx_word' id='word_1_81' title='bbox 615 1611 716 1696; x_wconf 84' lang='grc' dir='ltr'><strong><em>πόλις</em></strong></span> <span class='ocrx_word' id='word_1_82' title='bbox 734 1612 933 1696; x_wconf 88' lang='grc' dir='ltr'><strong><em>Θεσσαλίας,</em></strong></span> <span class='ocrx_word' id='word_1_83' title='bbox 968 1611 1142 1700; x_wconf 80' lang='grc' dir='ltr'><strong><em>Πολύβιος</em></strong></span> <span class='ocrx_word' id='word_1_84' title='bbox 1160 1612 1310 1702; x_wconf 79' lang='grc' dir='ltr'><strong><em>εἰκοστῷ.</em></strong></span> <span class='ocrx_word' id='word_1_85' title='bbox 1341 1613 1382 1681; x_wconf 91' lang='grc' dir='ltr'><strong><em>τδ</em></strong></span> 
     </span>
     <span class='ocr_line' id='line_1_13' title="bbox 226 1727 1079 1825; baseline 0.004 -28"><span class='ocrx_word' id='word_1_86' title='bbox 226 1727 365 1799; x_wconf 74' lang='grc' dir='ltr'><strong><em>ἐθνικδν</em></strong></span> <span class='ocrx_word' id='word_1_87' title='bbox 382 1730 584 1822; x_wconf 88' lang='grc' dir='ltr'><strong><em>Ἀπεραντοί</em></strong></span> <span class='ocrx_word' id='word_1_88' title='bbox 606 1727 651 1814; x_wconf 78' lang='grc' dir='ltr'><strong><em>ὥς</em></strong></span> <span class='ocrx_word' id='word_1_89' title='bbox 668 1730 880 1825; x_wconf 88' lang='grc' dir='ltr'><strong><em>Ἀμαραντοί,</em></strong></span> <span class='ocrx_word' id='word_1_90' title='bbox 904 1730 1079 1814; x_wconf 86' lang='grc' dir='ltr'><strong><em>ὀξυτόνως.</em></strong></span> 
     </span>
     <span class='ocr_line' id='line_1_14' title="bbox 305 1846 1382 1941; baseline 0.003 -24"><span class='ocrx_word' id='word_1_91' title='bbox 305 1846 496 1933; x_wconf 79' lang='grc' dir='ltr'><strong><em>Ἀπέσας,</em></strong></span> <span class='ocrx_word' id='word_1_92' title='bbox 520 1846 598 1940; x_wconf 80' lang='grc' dir='ltr'><strong><em>ἷίρος</em></strong></span> <span class='ocrx_word' id='word_1_93' title='bbox 612 1855 672 1940; x_wconf 78' lang='grc' dir='ltr'><strong><em>τῆς</em></strong></span> <span class='ocrx_word' id='word_1_94' title='bbox 683 1851 828 1936; x_wconf 87' lang='grc' dir='ltr'><strong><em>Νεμέας,</em></strong></span> <span class='ocrx_word' id='word_1_95' title='bbox 852 1847 898 1934; x_wconf 82' lang='grc' dir='ltr'><strong><em>ὡς</em></strong></span> <span class='ocrx_word' id='word_1_96' title='bbox 912 1849 1083 1941; x_wconf 87' lang='grc' dir='ltr'><strong><em>Πίνδαρος</em></strong></span> <span class='ocrx_word' id='word_1_97' title='bbox 1095 1851 1153 1919; x_wconf 81' lang='grc' dir='ltr'><strong><em>καί</em></strong></span> <span class='ocrx_word' id='word_1_98' title='bbox 1164 1848 1382 1934; x_wconf 84' lang='grc' dir='ltr'><strong><em>Καλλίμαχος</em></strong></span> 
     </span>
     <span class='ocr_line' id='line_1_15' title="bbox 226 1964 1382 2059; baseline 0 -23"><span class='ocrx_word' id='word_1_99' title='bbox 226 1964 262 2036; x_wconf 77' lang='grc' dir='ltr'><strong><em>ἓν</em></strong></span> <span class='ocrx_word' id='word_1_100' title='bbox 282 1966 386 2058; x_wconf 80' lang='grc' dir='ltr'><strong><em>τρίτη,</em></strong></span> <span class='ocrx_word' id='word_1_101' title='bbox 409 1966 480 2037; x_wconf 83' lang='grc' dir='ltr'><strong><em>άπδ</em></strong></span> <span class='ocrx_word' id='word_1_102' title='bbox 502 1964 708 2058; x_wconf 82' lang='grc' dir='ltr'><strong><em>Ἀφέσαντος</em></strong></span> <span class='ocrx_word' id='word_1_103' title='bbox 729 1969 837 2059; x_wconf 80' lang='grc' dir='ltr'><strong><em>ἥρωος</em></strong></span> <span class='ocrx_word' id='word_1_104' title='bbox 858 1966 1120 2056; x_wconf 77' lang='grc' dir='ltr'><strong><em>βασιλεύσαντος</em></strong></span> <span class='ocrx_word' id='word_1_105' title='bbox 1140 1973 1199 2057; x_wconf 82' lang='grc' dir='ltr'><strong><em>τῆς</em></strong></span> <span class='ocrx_word' id='word_1_106' title='bbox 1218 1966 1339 2059; x_wconf 83' lang='grc' dir='ltr'><strong><em>χώρας,</em></strong></span> <span class='ocrx_word' id='word_1_107' title='bbox 1361 1964 1382 2056; x_wconf 81' lang='grc' dir='ltr'>ἢ</span> 
     </span>
     <span class='ocr_line' id='line_1_16' title="bbox 188 2071 1382 2179; baseline 0 -25"><span class='ocrx_word' id='word_1_108' title='bbox 188 2115 213 2154; x_wconf 80' lang='grc' dir='ltr'><strong><em>ιε</em></strong></span> <span class='ocrx_word' id='word_1_109' title='bbox 227 2086 286 2155; x_wconf 84' lang='grc' dir='ltr'><strong><em>διά</em></strong></span> <span class='ocrx_word' id='word_1_110' title='bbox 306 2087 366 2176; x_wconf 76' lang='grc' dir='ltr'><strong><em>τήν</em></strong></span> <span class='ocrx_word' id='word_1_111' title='bbox 388 2082 511 2177; x_wconf 82' lang='grc' dir='ltr'><strong><em>άφεσιν</em></strong></span> <span class='ocrx_word' id='word_1_112' title='bbox 530 2093 597 2154; x_wconf 80' lang='grc' dir='ltr'><strong><em>τῶν</em></strong></span> <span class='ocrx_word' id='word_1_113' title='bbox 618 2085 774 2175; x_wconf 80' lang='grc' dir='ltr'><strong><em>ἁρμάτων</em></strong></span> <span class='ocrx_word' id='word_1_114' title='bbox 795 2084 817 2179; x_wconf 80' lang='grc' dir='ltr'>ἢ</span> <span class='ocrx_word' id='word_1_115' title='bbox 838 2093 898 2158; x_wconf 84' lang='grc' dir='ltr'><strong><em>τοῦ</em></strong></span> <span class='ocrx_word' id='word_1_116' title='bbox 920 2088 1070 2170; x_wconf 90' lang='grc' dir='ltr'><strong><em>λέοντος·</em></strong></span> <span class='ocrx_word' id='word_1_117' title='bbox 1093 2087 1162 2157; x_wconf 87' lang='grc' dir='ltr'><strong><em>έκεῖ</em></strong></span> <span class='ocrx_word' id='word_1_118' title='bbox 1181 2087 1243 2176; x_wconf 85' lang='grc' dir='ltr'><strong><em>γάρ</em></strong></span> <span class='ocrx_word' id='word_1_119' title='bbox 1266 2071 1382 2176; x_wconf 64' lang='grc' dir='ltr'><strong><em>ἕκτης</em></strong></span> 
     </span>
     <span class='ocr_line' id='line_1_17' title="bbox 226 2198 1382 2297; baseline 0 -23"><span class='ocrx_word' id='word_1_120' title='bbox 226 2201 366 2292; x_wconf 81' lang='grc' dir='ltr'><strong><em>σελήνης</em></strong></span> <span class='ocrx_word' id='word_1_121' title='bbox 387 2201 529 2295; x_wconf 74' lang='grc' dir='ltr'><strong><em>άφείδη.</em></strong></span> <span class='ocrx_word' id='word_1_122' title='bbox 574 2203 633 2297; x_wconf 73' lang='grc' dir='ltr'><strong><em>ἀφ’</em></strong></span> <span class='ocrx_word' id='word_1_123' title='bbox 658 2198 699 2276; x_wconf 83' lang='grc' dir='ltr'><strong><em>οὗ</em></strong></span> <span class='ocrx_word' id='word_1_124' title='bbox 722 2209 808 2289; x_wconf 87' lang='grc' dir='ltr'><strong><em>Ζεδς</em></strong></span> <span class='ocrx_word' id='word_1_125' title='bbox 828 2205 1060 2288; x_wconf 88' lang='grc' dir='ltr'><strong><em>Ἀπεσάντιος.</em></strong></span> <span class='ocrx_word' id='word_1_126' title='bbox 1105 2204 1323 2291; x_wconf 85' lang='grc' dir='ltr'><strong><em>Καλλίμαχος</em></strong></span> <span class='ocrx_word' id='word_1_127' title='bbox 1344 2206 1382 2274; x_wconf 83' lang='grc' dir='ltr'><strong><em>δέ</em></strong></span> 
     </span>
     <span class='ocr_line' id='line_1_18' title="bbox 225 2321 1008 2416; baseline 0.005 -26"><span class='ocrx_word' id='word_1_128' title='bbox 225 2321 261 2390; x_wconf 79' lang='grc' dir='ltr'><strong><em>ἒν</em></strong></span> <span class='ocrx_word' id='word_1_129' title='bbox 280 2327 351 2403; x_wconf 78' lang='grc' dir='ltr'><strong><em>τοῖς</em></strong></span> <span class='ocrx_word' id='word_1_130' title='bbox 374 2321 511 2411; x_wconf 79' lang='grc' dir='ltr'><strong><em>ἰάμβοις</em></strong></span> <span class='ocrx_word' id='word_1_131' title='bbox 530 2327 569 2395; x_wconf 89' lang='grc' dir='ltr'><strong><em>τδ</em></strong></span> <span class='ocrx_word' id='word_1_132' title='bbox 592 2327 729 2396; x_wconf 77' lang='grc' dir='ltr'><strong><em>έθνικδν</em></strong></span> <span class='ocrx_word' id='word_1_133' title='bbox 754 2325 902 2406; x_wconf 82' lang='grc' dir='ltr'><strong><em>Ἀπέσας</em></strong></span> <span class='ocrx_word' id='word_1_134' title='bbox 924 2325 1008 2416; x_wconf 84' lang='grc' dir='ltr'><strong><em>φησί</em></strong></span> 
     </span>
     <span class='ocr_line' id='line_1_19' title="bbox 376 2437 1142 2533; baseline 0.001 -22"><span class='ocrx_word' id='word_1_135' title='bbox 376 2441 455 2528; x_wconf 75' lang='grc' dir='ltr'><strong><em>κούχ</em></strong></span> <span class='ocrx_word' id='word_1_136' title='bbox 477 2437 539 2514; x_wconf 79' lang='grc' dir='ltr'><strong><em>ὧδ’</em></strong></span> <span class='ocrx_word' id='word_1_137' title='bbox 557 2442 695 2533; x_wconf 87' lang='grc' dir='ltr'><strong><em>Ἀρείων</em></strong></span> <span class='ocrx_word' id='word_1_138' title='bbox 716 2449 763 2533; x_wconf 79' lang='grc' dir='ltr'><strong><em>τῷ</em></strong></span> <span class='ocrx_word' id='word_1_139' title='bbox 782 2442 964 2514; x_wconf 86' lang='grc' dir='ltr'><strong><em>Ἀπέσαντι</em></strong></span> <span class='ocrx_word' id='word_1_140' title='bbox 984 2444 1056 2532; x_wconf 82' lang='grc' dir='ltr'><strong><em>πάρ</em></strong></span> <span class='ocrx_word' id='word_1_141' title='bbox 1079 2443 1142 2512; x_wconf 90' lang='grc' dir='ltr'><strong><em>Διί</em></strong></span> 
     </span>
     <span class='ocr_line' id='line_1_20' title="bbox 376 2544 887 2654; baseline 0.004 -24"><span class='ocrx_word' id='word_1_142' title='bbox 376 2559 498 2633; x_wconf 72' lang='grc' dir='ltr'><strong><em>ἴθυσεν</em></strong></span> <span class='ocrx_word' id='word_1_143' title='bbox 519 2562 639 2654; x_wconf 89' lang='grc' dir='ltr'><strong><em>Ἀρκάς</em></strong></span> <span class='ocrx_word' id='word_1_144' title='bbox 658 2565 776 2644; x_wconf 79' lang='grc' dir='ltr'><strong><em>ίππος.</em></strong></span> <span class='ocrx_word' id='word_1_145' title='bbox 885 2544 887 2550; x_wconf 32' lang='lat'>¹</span> 
     </span>
     <span class='ocr_line' id='line_1_21' title="bbox 120 2672 1380 2771; baseline 0.006 -27"><span class='ocrx_word' id='word_1_146' title='bbox 120 2709 131 2740; x_wconf 68' lang='lat' dir='ltr'>s</span> <span class='ocrx_word' id='word_1_147' title='bbox 188 2705 215 2744; x_wconf 82' lang='grc' dir='ltr'><strong><em>νο</em></strong></span> <span class='ocrx_word' id='word_1_148' title='bbox 307 2672 443 2762; x_wconf 87' lang='grc' dir='ltr'><strong><em>Ἀπία,</em></strong></span> <span class='ocrx_word' id='word_1_149' title='bbox 466 2681 571 2764; x_wconf 72' lang='grc' dir='ltr'><strong><em>οὕτως</em></strong></span> <span class='ocrx_word' id='word_1_150' title='bbox 593 2681 626 2752; x_wconf 79' lang='grc' dir='ltr'><strong><em>ολ</em></strong></span> <span class='ocrx_word' id='word_1_151' title='bbox 648 2679 803 2771; x_wconf 83' lang='grc' dir='ltr'><strong><em>νεώτεροι</em></strong></span> <span class='ocrx_word' id='word_1_152' title='bbox 818 2681 857 2750; x_wconf 89' lang='grc' dir='ltr'><strong><em>τδ</em></strong></span> <span class='ocrx_word' id='word_1_153' title='bbox 870 2677 1000 2770; x_wconf 85' lang='grc' dir='ltr'><strong><em>Ἀργος,</em></strong></span> <span class='ocrx_word' id='word_1_154' title='bbox 1023 2681 1080 2749; x_wconf 84' lang='grc' dir='ltr'><strong><em>καὶ</em></strong></span> <span class='ocrx_word' id='word_1_155' title='bbox 1094 2681 1173 2762; x_wconf 84' lang='grc' dir='ltr'><strong><em>τοδς</em></strong></span> <span class='ocrx_word' id='word_1_156' title='bbox 1187 2687 1380 2751; x_wconf 85' lang='grc' dir='ltr'><strong><em>κατοικοῦν-</em></strong></span> 
     </span>
     <span class='ocr_line' id='line_1_22' title="bbox 225 2794 1382 2894; baseline 0.003 -31"><span class='ocrx_word' id='word_1_157' title='bbox 225 2822 286 2877; x_wconf 90' lang='grc' dir='ltr'><strong><em>τας</em></strong></span> <span class='ocrx_word' id='word_1_158' title='bbox 311 2796 505 2894; x_wconf 84' lang='grc' dir='ltr'><strong><em>Ἀπιδόνας.</em></strong></span> <span class='ocrx_word' id='word_1_159' title='bbox 549 2798 620 2871; x_wconf 83' lang='grc' dir='ltr'><strong><em>άπδ</em></strong></span> <span class='ocrx_word' id='word_1_160' title='bbox 641 2795 788 2880; x_wconf 79' lang='grc' dir='ltr'><strong><em>’Ἀπιδος</em></strong></span> <span class='ocrx_word' id='word_1_161' title='bbox 815 2805 875 2868; x_wconf 83' lang='grc' dir='ltr'><strong><em>τοῦ</em></strong></span> <span class='ocrx_word' id='word_1_162' title='bbox 901 2799 1098 2886; x_wconf 82' lang='grc' dir='ltr'><strong><em>Φορωνέως,</em></strong></span> <span class='ocrx_word' id='word_1_163' title='bbox 1129 2795 1174 2880; x_wconf 83' lang='grc' dir='ltr'><strong><em>ὡς</em></strong></span> <span class='ocrx_word' id='word_1_164' title='bbox 1191 2794 1321 2880; x_wconf 84' lang='grc' dir='ltr'><strong><em>Ῥιανὸς</em></strong></span> <span class='ocrx_word' id='word_1_165' title='bbox 1347 2796 1382 2869; x_wconf 81' lang='grc' dir='ltr'><strong><em>ἔν</em></strong></span> 
     </span>
    </p>
   </div>
   <div class='ocr_carea' id='block_1_3' title="bbox 70 2909 550 3022">
    <p class='ocr_par' dir='ltr' id='par_1_3' title="bbox 70 2909 550 3022">
     <span class='ocr_line' id='line_1_23' title="bbox 70 2909 550 3022; baseline 0.017 -46"><span class='ocrx_word' id='word_1_166' title='bbox 70 2991 88 3020; x_wconf 30' lang='grc' dir='ltr'>λ</span> <span class='ocrx_word' id='word_1_167' title='bbox 181 3007 187 3022; x_wconf 85' lang='lat'><strong>.</strong></span> <span class='ocrx_word' id='word_1_168' title='bbox 221 2909 382 2996; x_wconf 80' lang='grc' dir='ltr'><strong><em>Ἀχαϊκῶν</em></strong></span> <span class='ocrx_word' id='word_1_169' title='bbox 407 2919 550 3006; x_wconf 85' lang='grc' dir='ltr'><strong><em>δευτέρῳ</em></strong></span> 
     </span>
    </p>
   </div>
   <div class='ocr_carea' id='block_1_4' title="bbox 164 3025 1116 3124">
    <p class='ocr_par' dir='ltr' id='par_1_4' title="bbox 164 3025 1116 3124">
     <span class='ocr_line' id='line_1_24' title="bbox 164 3025 1116 3124; baseline 0.007 -27"><span class='ocrx_word' id='word_1_170' title='bbox 164 3025 186 3070; x_wconf 67' lang='grc'><strong><em>’·</em></strong></span> <span class='ocrx_word' id='word_1_171' title='bbox 278 3087 287 3110; x_wconf 44' lang='grc'><strong><em>.,</em></strong></span> <span class='ocrx_word' id='word_1_172' title='bbox 376 3029 516 3124; x_wconf 77' lang='grc' dir='ltr'><strong><em>δμετέρη</em></strong></span> <span class='ocrx_word' id='word_1_173' title='bbox 538 3063 601 3118; x_wconf 91' lang='grc' dir='ltr'><strong><em>τοι,</em></strong></span> <span class='ocrx_word' id='word_1_174' title='bbox 624 3038 730 3118; x_wconf 86' lang='grc' dir='ltr'><strong><em>τέκνα,</em></strong></span> <span class='ocrx_word' id='word_1_175' title='bbox 758 3036 934 3124; x_wconf 73' lang='grc' dir='ltr'><strong><em>Φορωνέος</em></strong></span> <span class='ocrx_word' id='word_1_176' title='bbox 952 3032 1116 3120; x_wconf 81' lang='grc' dir='ltr'><strong><em>Ἰναχίδαο</em></strong></span> 
     </span>
    </p>
   </div>
   <div class='ocr_carea' id='block_1_5' title="bbox 224 3191 427 3205">
    <p class='ocr_par' dir='ltr' id='par_1_5' title="bbox 224 3191 427 3205">
     <span class='ocr_line' id='line_1_25' title="bbox 224 3191 427 3205; baseline 0.005 -1"><span class='ocrx_word' id='word_1_177' title='bbox 224 3191 427 3205; x_wconf 54' lang='lat' dir='ltr'><strong><em>——ae-</em></strong></span> 
     </span>
    </p>
   </div>
   <div class='ocr_carea' id='block_1_6' title="bbox 154 3272 1433 4458">
    <p class='ocr_par' dir='ltr' id='par_1_6' title="bbox 154 3272 1433 4458">
     <span class='ocr_line' id='line_1_26' title="bbox 224 3272 1382 3356; baseline 0.003 -22"><span class='ocrx_word' id='word_1_178' title='bbox 224 3272 445 3356; x_wconf 77' lang='grc' dir='ltr'><strong><em>ἓτυμολογοῦσι</em></strong></span> <span class='ocrx_word' id='word_1_179' title='bbox 470 3275 505 3338; x_wconf 73' lang='grc' dir='ltr'><strong><em>δὲ</em></strong></span> <span class='ocrx_word' id='word_1_180' title='bbox 523 3275 559 3338; x_wconf 87' lang='grc' dir='ltr'><strong><em>τδ</em></strong></span> <span class='ocrx_word' id='word_1_181' title='bbox 579 3277 723 3339; x_wconf 73' lang='grc' dir='ltr'><strong><em>ἐπίθετον</em></strong></span> <span class='ocrx_word' id='word_1_182' title='bbox 740 3281 796 3356; x_wconf 80' lang='grc' dir='ltr'><strong><em>τῆς</em></strong></span> <span class='ocrx_word' id='word_1_183' title='bbox 814 3280 892 3337; x_wconf 74' lang='grc' dir='ltr'><strong><em>θεοῦ</em></strong></span> <span class='ocrx_word' id='word_1_184' title='bbox 911 3274 1017 3354; x_wconf 69' lang='grc' dir='ltr'><strong><em>μῦθόν</em></strong></span> <span class='ocrx_word' id='word_1_185' title='bbox 1034 3298 1104 3337; x_wconf 85' lang='grc' dir='ltr'><strong><em>τινα</em></strong></span> <span class='ocrx_word' id='word_1_186' title='bbox 1123 3272 1382 3356; x_wconf 84' lang='grc' dir='ltr'><strong><em>προστησάμενοι,</em></strong></span> 
     </span>
     <span class='ocr_line' id='line_1_27' title="bbox 224 3362 1382 3452; baseline 0 -24"><span class='ocrx_word' id='word_1_187' title='bbox 224 3362 267 3438; x_wconf 78' lang='grc' dir='ltr'><strong><em>ιλς</em></strong></span> <span class='ocrx_word' id='word_1_188' title='bbox 286 3365 474 3445; x_wconf 78' lang='grc' dir='ltr'><strong><em>έπιδεμένων</em></strong></span> <span class='ocrx_word' id='word_1_189' title='bbox 493 3366 633 3430; x_wconf 69' lang='grc' dir='ltr'><strong><em>ἐνταῦθα</em></strong></span> <span class='ocrx_word' id='word_1_190' title='bbox 652 3373 690 3450; x_wconf 83' lang='grc' dir='ltr'><strong><em>τῇ</em></strong></span> <span class='ocrx_word' id='word_1_191' title='bbox 703 3373 770 3452; x_wconf 74' lang='grc' dir='ltr'><strong><em>θεῷ</em></strong></span> <span class='ocrx_word' id='word_1_192' title='bbox 783 3373 845 3430; x_wconf 84' lang='grc' dir='ltr'><strong><em>τῶν</em></strong></span> <span class='ocrx_word' id='word_1_193' title='bbox 858 3367 1017 3449; x_wconf 75' lang='grc' dir='ltr'><strong><em>Γιγάντων</em></strong></span> <span class='ocrx_word' id='word_1_194' title='bbox 1036 3403 1074 3412; x_wconf 98' lang='grc'>-</span> <span class='ocrx_word' id='word_1_195' title='bbox 1094 3363 1239 3448; x_wconf 79' lang='grc' dir='ltr'><strong><em>κρύψειεν</em></strong></span> <span class='ocrx_word' id='word_1_196' title='bbox 1258 3402 1297 3411; x_wconf 92' lang='grc'>-</span> <span class='ocrx_word' id='word_1_197' title='bbox 1316 3363 1382 3429; x_wconf 71' lang='grc' dir='ltr'><strong><em>εἶτα</em></strong></span> 
     </span>
     <span class='ocr_line' id='line_1_28' title="bbox 224 3455 1381 3545; baseline 0.003 -27"><span class='ocrx_word' id='word_1_198' title='bbox 224 3461 287 3518; x_wconf 83' lang='grc' dir='ltr'><strong><em>τῶν</em></strong></span> <span class='ocrx_word' id='word_1_199' title='bbox 306 3455 466 3538; x_wconf 86' lang='grc' dir='ltr'><strong><em>Γιγάντων</em></strong></span> <span class='ocrx_word' id='word_1_200' title='bbox 484 3495 522 3506; x_wconf 91' lang='lat'><strong><em>-·</em></strong></span> <span class='ocrx_word' id='word_1_201' title='bbox 541 3461 728 3541; x_wconf 83' lang='grc' dir='ltr'><strong><em>παραδιδοίη</em></strong></span> <span class='ocrx_word' id='word_1_202' title='bbox 750 3462 928 3545; x_wconf 79' lang='grc' dir='ltr'><strong><em>δολοφονεῖν</em></strong></span> <span class='ocrx_word' id='word_1_203' title='bbox 948 3460 980 3531; x_wconf 69' lang='grc' dir='ltr'><strong><em>ἔξ</em></strong></span> <span class='ocrx_word' id='word_1_204' title='bbox 1000 3455 1129 3538; x_wconf 78' lang='grc' dir='ltr'><strong><em>ἀπάτης.</em></strong></span> <span class='ocrx_word' id='word_1_205' title='bbox 1224 3467 1253 3521; x_wconf 88' lang='lat'><strong><em>7.</em></strong></span> <span class='ocrx_word' id='word_1_206' title='bbox 1273 3481 1381 3539; x_wconf 84' lang='grc' dir='ltr'><strong><em>τεταμ-</em></strong></span> 
     </span>
     <span class='ocr_line' id='line_1_29' title="bbox 223 3548 1342 3633; baseline 0.006 -26"><span class='ocrx_word' id='word_1_207' title='bbox 223 3551 316 3625; x_wconf 80' lang='grc' dir='ltr'><strong><em>μένον</em></strong></span> <span class='ocrx_word' id='word_1_208' title='bbox 335 3553 370 3610; x_wconf 88' lang='lat' dir='ltr'><strong><em>V.</em></strong></span> <span class='ocrx_word' id='word_1_209' title='bbox 468 3548 525 3632; x_wconf 77' lang='grc' dir='ltr'><strong><em>τὴν</em></strong></span> <span class='ocrx_word' id='word_1_210' title='bbox 542 3551 611 3630; x_wconf 81' lang='grc' dir='ltr'><strong><em>μέν]</em></strong></span> <span class='ocrx_word' id='word_1_211' title='bbox 631 3557 717 3614; x_wconf 90' lang='lat' dir='ltr'><strong>Dion.</strong></span> <span class='ocrx_word' id='word_1_212' title='bbox 737 3558 803 3616; x_wconf 85' lang='lat' dir='ltr'><strong>Per.</strong></span> <span class='ocrx_word' id='word_1_213' title='bbox 824 3558 890 3614; x_wconf 81' lang='lat'><strong>340.</strong></span> <span class='ocrx_word' id='word_1_214' title='bbox 912 3557 978 3614; x_wconf 79' lang='grc'><strong><em>343.</em></strong></span> <span class='ocrx_word' id='word_1_215' title='bbox 1081 3559 1109 3613; x_wconf 96' lang='grc'><strong><em>8.</em></strong></span> <span class='ocrx_word' id='word_1_216' title='bbox 1130 3573 1162 3613; x_wconf 84' lang='grc' dir='ltr'><strong><em>τε</em></strong></span> <span class='ocrx_word' id='word_1_217' title='bbox 1181 3574 1235 3633; x_wconf 86' lang='lat' dir='ltr'><strong><em>pro</em></strong></span> <span class='ocrx_word' id='word_1_218' title='bbox 1255 3575 1284 3612; x_wconf 88' lang='grc' dir='ltr'><strong><em>τι</em></strong></span> <span class='ocrx_word' id='word_1_219' title='bbox 1305 3557 1342 3614; x_wconf 91' lang='lat' dir='ltr'><strong><em>V.</em></strong></span> 
     </span>
     <span class='ocr_line' id='line_1_30' title="bbox 223 3637 1433 3727; baseline 0.001 -25"><span class='ocrx_word' id='word_1_220' title='bbox 223 3639 342 3718; x_wconf 83' lang='grc' dir='ltr'><strong><em>τέμνειν</em></strong></span> <span class='ocrx_word' id='word_1_221' title='bbox 360 3646 423 3702; x_wconf 85' lang='lat' dir='ltr'><strong><em>RV.</em></strong></span> <span class='ocrx_word' id='word_1_222' title='bbox 540 3637 616 3724; x_wconf 83' lang='grc' dir='ltr'><strong><em>ὅρά</em></strong></span> <span class='ocrx_word' id='word_1_223' title='bbox 636 3648 802 3723; x_wconf 83' lang='lat' dir='ltr'><strong>Dionysius,</strong></span> <span class='ocrx_word' id='word_1_224' title='bbox 821 3639 857 3706; x_wconf 77' lang='grc' dir='ltr'><strong><em>ὃν</em></strong></span> <span class='ocrx_word' id='word_1_225' title='bbox 875 3642 916 3727; x_wconf 84' lang='grc' dir='ltr'><strong><em>ῥά</em></strong></span> <span class='ocrx_word' id='word_1_226' title='bbox 935 3649 1010 3705; x_wconf 84' lang='lat' dir='ltr'><strong>libri.</strong></span> <span class='ocrx_word' id='word_1_227' title='bbox 1128 3651 1174 3704; x_wconf 91' lang='grc'><strong><em>10.</em></strong></span> <span class='ocrx_word' id='word_1_228' title='bbox 1195 3643 1264 3724; x_wconf 82' lang='grc' dir='ltr'><strong><em>περί</em></strong></span> <span class='ocrx_word' id='word_1_229' title='bbox 1285 3648 1322 3705; x_wconf 88' lang='lat' dir='ltr'><strong><em>V.</em></strong></span> <span class='ocrx_word' id='word_1_230' title='bbox 1429 3711 1433 3722; x_wconf 29' lang='grc' dir='ltr'>ι</span> 
     </span>
     <span class='ocr_line' id='line_1_31' title="bbox 154 3729 1382 3818; baseline 0.004 -23"><span class='ocrx_word' id='word_1_231' title='bbox 154 3807 158 3812; x_wconf 20' lang='grc' dir='ltr'><strong>Δ</strong></span> <span class='ocrx_word' id='word_1_232' title='bbox 225 3739 272 3795; x_wconf 83' lang='grc'><strong><em>14.</em></strong></span> <span class='ocrx_word' id='word_1_233' title='bbox 294 3729 481 3806; x_wconf 86' lang='grc' dir='ltr'><strong><em>Ἀπέσαντος</em></strong></span> <span class='ocrx_word' id='word_1_234' title='bbox 505 3739 542 3796; x_wconf 88' lang='grc' dir='ltr'><strong><em>Χ.</em></strong></span> <span class='ocrx_word' id='word_1_235' title='bbox 668 3745 715 3800; x_wconf 89' lang='grc'><strong><em>16.</em></strong></span> <span class='ocrx_word' id='word_1_236' title='bbox 738 3734 855 3818; x_wconf 66' lang='grc' dir='ltr'><strong><em>ἀφείθη</em></strong></span> <span class='ocrx_word' id='word_1_237' title='bbox 880 3743 924 3811; x_wconf 89' lang='grc' dir='ltr'><strong><em>Μ,</em></strong></span> <span class='ocrx_word' id='word_1_238' title='bbox 955 3733 1061 3818; x_wconf 79' lang='grc' dir='ltr'><strong><em>ἀφέδη</em></strong></span> <span class='ocrx_word' id='word_1_239' title='bbox 1087 3740 1161 3797; x_wconf 82' lang='lat' dir='ltr'>libri.</span> <span class='ocrx_word' id='word_1_240' title='bbox 1194 3739 1233 3797; x_wconf 75' lang='grc' dir='ltr'><strong><em>δέ</em></strong></span> <span class='ocrx_word' id='word_1_241' title='bbox 1257 3759 1289 3798; x_wconf 78' lang='grc' dir='ltr'><strong><em>τε</em></strong></span> <span class='ocrx_word' id='word_1_242' title='bbox 1316 3742 1382 3800; x_wconf 82' lang='lat' dir='ltr'><strong>vide</strong></span> 
     </span>
     <span class='ocr_line' id='line_1_32' title="bbox 224 3815 1380 3908; baseline 0.006 -23"><span class='ocrx_word' id='word_1_243' title='bbox 224 3829 319 3886; x_wconf 83' lang='lat' dir='ltr'><strong>Anall.</strong></span> <span class='ocrx_word' id='word_1_244' title='bbox 340 3831 421 3888; x_wconf 79' lang='lat' dir='ltr'><strong>Alex.</strong></span> <span class='ocrx_word' id='word_1_245' title='bbox 442 3850 472 3907; x_wconf 87' lang='lat' dir='ltr'><strong><em>p.</em></strong></span> <span class='ocrx_word' id='word_1_246' title='bbox 494 3833 542 3889; x_wconf 87' lang='grc'><strong><em>85.</em></strong></span> <span class='ocrx_word' id='word_1_247' title='bbox 642 3825 875 3902; x_wconf 75' lang='grc' dir='ltr'><strong><em>Ἀπεσάντειοςλ</em></strong></span> <span class='ocrx_word' id='word_1_248' title='bbox 980 3838 1026 3892; x_wconf 93' lang='grc'><strong><em>18.</em></strong></span> <span class='ocrx_word' id='word_1_249' title='bbox 1047 3815 1103 3889; x_wconf 74' lang='grc' dir='ltr'><strong><em>ὧδ’</em></strong></span> <span class='ocrx_word' id='word_1_250' title='bbox 1119 3827 1246 3908; x_wconf 86' lang='grc' dir='ltr'><strong><em>Ἀρείων</em></strong></span> <span class='ocrx_word' id='word_1_251' title='bbox 1265 3833 1301 3902; x_wconf 81' lang='lat' dir='ltr'><strong><em>R,</em></strong></span> <span class='ocrx_word' id='word_1_252' title='bbox 1321 3817 1380 3891; x_wconf 78' lang='grc' dir='ltr'><strong><em>ὧδ’</em></strong></span> 
     </span>
     <span class='ocr_line' id='line_1_33' title="bbox 217 3915 1382 4002; baseline 0.004 -24"><span class='ocrx_word' id='word_1_253' title='bbox 217 3915 329 3998; x_wconf 84' lang='grc' dir='ltr'><strong><em>Ἀρίων</em></strong></span> <span class='ocrx_word' id='word_1_254' title='bbox 347 3920 497 3996; x_wconf 80' lang='lat' dir='ltr'><strong>Bentlejus</strong></span> <span class='ocrx_word' id='word_1_255' title='bbox 520 3922 634 3981; x_wconf 79' lang='lat' dir='ltr'><strong>Callim.</strong></span> <span class='ocrx_word' id='word_1_256' title='bbox 655 3924 692 3980; x_wconf 86' lang='lat' dir='ltr'><strong><em>fr.</em></strong></span> <span class='ocrx_word' id='word_1_257' title='bbox 714 3927 760 3992; x_wconf 91' lang='grc'><strong><em>82,</em></strong></span> <span class='ocrx_word' id='word_1_258' title='bbox 783 3917 940 4002; x_wconf 83' lang='grc' dir='ltr'><strong><em>ὡδαρείων</em></strong></span> <span class='ocrx_word' id='word_1_259' title='bbox 959 3925 1021 3980; x_wconf 82' lang='lat' dir='ltr'><strong><em>AV.</em></strong></span> <span class='ocrx_word' id='word_1_260' title='bbox 1123 3915 1296 4002; x_wconf 80' lang='grc' dir='ltr'><strong><em>τῴπέσαντι</em></strong></span> <span class='ocrx_word' id='word_1_261' title='bbox 1318 3920 1382 4000; x_wconf 76' lang='grc' dir='ltr'><strong><em>(τιλ-</em></strong></span> 
     </span>
     <span class='ocr_line' id='line_1_34' title="bbox 224 4008 1342 4088; baseline 0.006 -20"><span class='ocrx_word' id='word_1_262' title='bbox 224 4008 364 4088; x_wconf 81' lang='grc' dir='ltr'><strong><em>πέσαντι)</em></strong></span> <span class='ocrx_word' id='word_1_263' title='bbox 385 4012 546 4088; x_wconf 69' lang='grc' dir='ltr'><strong><em>ΒεαῐΙεμισ.</em></strong></span> <span class='ocrx_word' id='word_1_264' title='bbox 659 4021 705 4076; x_wconf 80' lang='grc'><strong><em>19.</em></strong></span> <span class='ocrx_word' id='word_1_265' title='bbox 727 4011 835 4074; x_wconf 68' lang='grc' dir='ltr'><strong><em>ἴθυσεν</em></strong></span> <span class='ocrx_word' id='word_1_266' title='bbox 854 4019 894 4087; x_wconf 91' lang='grc' dir='ltr'><strong><em>Μ,</em></strong></span> <span class='ocrx_word' id='word_1_267' title='bbox 915 4011 1029 4075; x_wconf 75' lang='grc' dir='ltr'><strong><em>ίδνσεν</em></strong></span> <span class='ocrx_word' id='word_1_268' title='bbox 1047 4016 1137 4085; x_wconf 83' lang='lat' dir='ltr'>ARV,</span> <span class='ocrx_word' id='word_1_269' title='bbox 1157 4009 1278 4074; x_wconf 68' lang='grc' dir='ltr'><strong><em>ἴθυσαν</em></strong></span> <span class='ocrx_word' id='word_1_270' title='bbox 1297 4015 1342 4075; x_wconf 91' lang='grc' dir='ltr'><strong><em>Π.</em></strong></span> 
     </span>
     <span class='ocr_line' id='line_1_35' title="bbox 221 4097 1324 4184; baseline 0.007 -24"><span class='ocrx_word' id='word_1_271' title='bbox 221 4097 332 4182; x_wconf 82' lang='grc' dir='ltr'><strong><em>Ἀρκὰς</em></strong></span> <span class='ocrx_word' id='word_1_272' title='bbox 348 4100 443 4172; x_wconf 69' lang='grc' dir='ltr'><strong><em>ἵππος</em></strong></span> <span class='ocrx_word' id='word_1_273' title='bbox 462 4103 565 4176; x_wconf 87' lang='lat' dir='ltr'><strong>HRV,</strong></span> <span class='ocrx_word' id='word_1_274' title='bbox 584 4100 740 4179; x_wconf 88' lang='grc' dir='ltr'><strong><em>Ἀρκάδας</em></strong></span> <span class='ocrx_word' id='word_1_275' title='bbox 757 4105 872 4177; x_wconf 71' lang='grc' dir='ltr'><strong><em>ἵππους</em></strong></span> <span class='ocrx_word' id='word_1_276' title='bbox 891 4110 924 4166; x_wconf 86' lang='grc' dir='ltr'><strong><em>Α.</em></strong></span> <span class='ocrx_word' id='word_1_277' title='bbox 1023 4113 1071 4166; x_wconf 92' lang='grc'><strong><em>21.</em></strong></span> <span class='ocrx_word' id='word_1_278' title='bbox 1095 4101 1240 4184; x_wconf 82' lang='grc' dir='ltr'><strong><em>Φρονέως</em></strong></span> <span class='ocrx_word' id='word_1_279' title='bbox 1259 4109 1324 4168; x_wconf 76' lang='lat' dir='ltr'><strong><em>RV.</em></strong></span> 
     </span>
     <span class='ocr_line' id='line_1_36' title="bbox 224 4188 1382 4279; baseline 0.005 -25"><span class='ocrx_word' id='word_1_280' title='bbox 224 4200 272 4254; x_wconf 87' lang='lat'><strong><em>22.</em></strong></span> <span class='ocrx_word' id='word_1_281' title='bbox 289 4189 437 4270; x_wconf 80' lang='grc' dir='ltr'><strong><em>Ἀχαϊκῶν</em></strong></span> <span class='ocrx_word' id='word_1_282' title='bbox 456 4199 493 4268; x_wconf 90' lang='grc' dir='ltr'><strong><em>Η,</em></strong></span> <span class='ocrx_word' id='word_1_283' title='bbox 506 4192 640 4279; x_wconf 79' lang='grc' dir='ltr'><strong><em>Ἀχαϊκῷ</em></strong></span> <span class='ocrx_word' id='word_1_284' title='bbox 660 4199 734 4257; x_wconf 80' lang='lat' dir='ltr'><strong>libri.</strong></span> <span class='ocrx_word' id='word_1_285' title='bbox 821 4193 873 4275; x_wconf 62' lang='lat' dir='ltr'><strong><em>ff‘l</em></strong></span> <span class='ocrx_word' id='word_1_286' title='bbox 892 4203 927 4259; x_wconf 89' lang='lat' dir='ltr'><strong><em>R.</em></strong></span> <span class='ocrx_word' id='word_1_287' title='bbox 1011 4204 1059 4259; x_wconf 85' lang='grc'><strong><em>23.</em></strong></span> <span class='ocrx_word' id='word_1_288' title='bbox 1080 4194 1209 4276; x_wconf 81' lang='grc' dir='ltr'><strong><em>δμετέρη</em></strong></span> <span class='ocrx_word' id='word_1_289' title='bbox 1230 4188 1294 4270; x_wconf 80' lang='lat' dir='ltr'>R&#39;v,</span> <span class='ocrx_word' id='word_1_290' title='bbox 1314 4195 1382 4278; x_wconf 80' lang='grc' dir='ltr'><strong><em>ἡμε-</em></strong></span> 
     </span>
     <span class='ocr_line' id='line_1_37' title="bbox 223 4280 1380 4370; baseline 0.006 -26"><span class='ocrx_word' id='word_1_291' title='bbox 223 4281 296 4362; x_wconf 78' lang='grc' dir='ltr'><strong><em>τέρη</em></strong></span> <span class='ocrx_word' id='word_1_292' title='bbox 316 4289 349 4344; x_wconf 83' lang='grc' dir='ltr'><strong><em>Α.</em></strong></span> <span class='ocrx_word' id='word_1_293' title='bbox 432 4285 602 4366; x_wconf 78' lang='grc' dir='ltr'><strong><em>Φορωνέως</em></strong></span> <span class='ocrx_word' id='word_1_294' title='bbox 621 4292 695 4348; x_wconf 82' lang='lat' dir='ltr'><strong>libri.</strong></span> <span class='ocrx_word' id='word_1_295' title='bbox 779 4283 932 4366; x_wconf 81' lang='grc' dir='ltr'><strong><em>Ἰναχίδαο</em></strong></span> <span class='ocrx_word' id='word_1_296' title='bbox 953 4293 1131 4351; x_wconf 76' lang='lat' dir='ltr'><strong>sehubartus</strong></span> <span class='ocrx_word' id='word_1_297' title='bbox 1152 4293 1269 4370; x_wconf 80' lang='lat' dir='ltr'><strong>aliique,</strong></span> <span class='ocrx_word' id='word_1_298' title='bbox 1289 4280 1329 4370; x_wconf 79' lang='grc' dir='ltr'><strong><em>ἦν</em></strong></span> <span class='ocrx_word' id='word_1_299' title='bbox 1349 4287 1380 4351; x_wconf 76' lang='grc' dir='ltr'><strong><em>δ’</em></strong></span> 
     </span>
     <span class='ocr_line' id='line_1_38' title="bbox 225 4379 718 4458; baseline 0.008 -24"><span class='ocrx_word' id='word_1_300' title='bbox 225 4379 299 4436; x_wconf 84' lang='lat' dir='ltr'><strong>libri.</strong></span> <span class='ocrx_word' id='word_1_301' title='bbox 321 4380 358 4437; x_wconf 85' lang='lat' dir='ltr'><strong><em>cs.</em></strong></span> <span class='ocrx_word' id='word_1_302' title='bbox 379 4383 475 4441; x_wconf 79' lang='lat' dir='ltr'><strong>Anall.</strong></span> <span class='ocrx_word' id='word_1_303' title='bbox 496 4383 579 4439; x_wconf 84' lang='lat' dir='ltr'><strong>Alex.</strong></span> <span class='ocrx_word' id='word_1_304' title='bbox 601 4403 630 4458; x_wconf 90' lang='lat' dir='ltr'><strong><em>p.</em></strong></span> <span class='ocrx_word' id='word_1_305' title='bbox 653 4386 718 4441; x_wconf 89' lang='grc'><strong><em>183.</em></strong></span> 
     </span>
    </p>
   </div>
   <div class='ocr_carea' id='block_1_7' title="bbox 0 0 1449 5084">
    <p class='ocr_par' dir='ltr' id='par_1_7' title="bbox 0 0 1449 5084">
     <span class='ocr_line' id='line_1_39' title="bbox 0 0 1449 5084; baseline 0 0"><span class='ocrx_word' id='word_1_306' title='bbox 0 0 1449 5084; x_wconf 95' lang='lat' dir='ltr'><strong><em> </em></strong></span> 
     </span>
    </p>
   </div>
  </div>
 </body>
</html>
