2888 5084
562 253 563 256 ‘
614 281 688 358 sse

150 457 386 555 Ἀχραδούς,
416 467 522 555 δῆμος
548 468 607 553 τῆς
629 460 791 554 Ἀττικῆς.
836 456 855 532 ὃ
879 443 1023 558 δημότης
1045 463 1227 558 Ἀχραδού-

67 605 154 661 σιος.
187 578 433 672 Ἀριστοφάνης
449 579 764 671 Ἐκκλησιαζούσαις
786 587 866 677 ανῦν
885 586 948 669 μὲν
968 586 1030 676 γὰρ
1052 578 1151 669 ούιος
1169 595 1227 674 βε-

66 697 244 785 βαλάνωκε
259 699 319 790 τήν
332 697 453 791 θύραν,
469 700 562 782 ίίστις
576 696 652 770 πότ’
669 696 734 770 ἐστ’
751 693 936 792 όίνθρωπος
951 701 1227 794 Ἀχραδούσιος”.

149 816 356 908 Ἀχριανή,
384 815 486 900 πόλις
504 816 696 910 Ὑρκανίας,
724 815 898 905 Πολύβιος
918 819 1058 912 δεκάτῳ.
1101 823 1140 892 τό
1163 821 1226 893 ἔθ-

67 937 161 1007 νικδν
177 934 361 1026 Ἀχριανός.
1237 961 1250 1002 ι

147 1054 335 1150 Ἀψίλαι,
359 1053 461 1138 ἔθνος
474 1057 644 1128 Σκυθικόν
664 1055 850 1147 γειτνιόζον
864 1059 1006 1143 Λαζοῖς,
1029 1053 1075 1141 ὡς
1091 1057 1224 1150 Ἀρρια-

69 1178 127 1260 νδς
148 1178 186 1247 ἐν
205 1175 363 1268 περίπλῳ
383 1180 444 1244 τοῦ
469 1173 626 1258 Εὐξείνου
647 1175 806 1248 πόντου..

144 1289 372 1387 Ἀψυνθος,
406 1292 511 1379 πόλις
541 1294 682 1390 Θρᾴκης.
721 1294 890 1389 Ἀψυνθίς
919 1298 959 1367 δὲ
988 1291 1009 1387 ἡ
1037 1293 1141 1388 χιύρα.
1184 1298 1224 1368 τδ

68 1415 208 1484 ίθνικδν
234 1410 427 1506 Ἀψύνθιος
458 1416 516 1484 καί
539 1412 746 1510 Ἀψονθιός.
788 1415 861 1486 ἔστι
894 1419 950 1488 καί
981 1410 1073 1499 είδος
1106 1420 1223 1508 φυτοῦ,

66 1536 147 1624 περὶ
169 1523 211 1602 ού
232 1535 351 1615 Βῶλος
372 1530 400 1602 ό·
413 1532 666 1624 Δημοκρίτειος.
704 1533 757 1604 ότι
781 1532 999 1625 Θεόφραστος
1021 1533 1056 1606 ἐν
1075 1539 1124 1624 τῷ
1145 1536 1263 1626 περίιο

67 1655 182 1744 φυτιύν
208 1649 331 1742 ἐνάτῳ,
360 1651 403 1722 τδ
431 1649 589 1744 πρόβατα
617 1654 659 1722 τὰ
687 1654 722 1724 ἐν
751 1658 798 1744 τῷ
823 1651 946 1743 Πόντῳ
975 1654 1014 1720 τό
1048 1650 1225 1746 ἆψύνθιον

68 1769 236 1858 νεμόμενα
264 1767 323 1840 ούκ
350 1768 419 1857 ἔχει
444 1767 557 1863 χολήν.
601 1775 704 1857 διχῶς
730 1769 763 1841 δ’
787 1766 808 1862 ἦ
831 1772 942 1864 γραφη
965 1772 1022 1840 καί
1042 1771 1103 1840 διδ
1123 1775 1226 1842 τοῦτ’)

67 1891 123 1961 καί
144 1891 206 1959 διδ
226 1894 288 1959 τοῦ
309 1895 335 1962 ῖ.

149 2006 410 2104 Ἀψυρτίδας,
432 2013 531 2098 νῆσοι
552 2011 639 2102 πρδς
652 2015 698 2103 τῷ
713 2006 841 2104 Ἀδρίῳ,
864 2005 936 2078 δπδ
952 2005 1124 2103 Ἀψύρτου
1138 2037 1222 2081 παι-
1336 2012 1346 2026 ’

66 2128 127 2210 δδς
148 2125 285 2219 Λίήτου
313 2130 349 2200 δν
374 2134 439 2223 μιᾷ
467 2130 760 2221 δολοφονηθέντος
785 2125 855 2200 ύπδ
882 2135 942 2220 τῆς
970 2125 1121 2220 ἀδελφῆς
1140 2138 1260 2221 Μη-ιι

65 2247 171 2331 δείας.
208 2246 242 2318 oi
262 2253 426 2338 νησιῶται
448 2244 626 2341 Ἀψυρτεῒς
645 2250 704 2319 καί
723 2244 903 2343 Ἀψυρτοι.
943 2244 1015 2316 ἔστι
1037 2249 1094 2317 καί
1113 2246 1223 2333 τόπος

65 2364 99 2437 ἐν
120 2371 170 2458 τῷ
190 2364 339 2461 Εὐξείνῳ
360 2366 475 2460 πόντῳ
486 2363 654 2462 Ἀψαρος,
667 2363 838 2464 Ἀψυρτος
855 2364 1019 2458 πρότερον
1033 2364 1222 2456 λεγόμενος.

59 2483 304 2580 Ἀρτεμίδωρος
326 2485 362 2557 ἐν
382 2485 529 2580 ἐπιτομῇ
551 2485 608 2556 καί
629 2484 733 2556 πόλιν
753 2493 854 2578 νῆσον
871 2481 1044 2582 Ἀψυρτον
1066 2483 1200 2580 ἱστορεῖ.

62 2663 268 2678 -ι-

63 2779 90 2832 1.
107 2766 293 2850 Ἀχραδούς]
318 2774 375 2832 Per
399 2773 491 2831 lusum
517 2773 595 2830 hunc
620 2770 734 2830 demum
759 2773 795 2828 ab
816 2770 1010 2849 Aristophane
1035 2769 1131 2830 fictum
1156 2794 1221 2834 esse

63 2885 140 2924 nunc
165 2866 237 2924 satis
262 2876 383 2925 constat.
416 2886 510 2944 neque
534 2865 565 2922 id
591 2865 686 2942 ipsum
705 2863 780 2940 sugit
798 2864 990 2943 Stephanum.
1021 2884 1086 2922 narn
1108 2886 1171 2924 cum
1191 2870 1219 2926 in

61 2959 264 3038 Aristophanis
289 2961 433 3028 versibus,
460 2977 533 3034 quos
557 2947 693 3036 apponit,
718 2977 771 3036 pro
790 2948 1015 3036 Ἀχραδούσιος
1034 2961 1135 3038 optimi
1154 2961 1221 3020 libri

60 3053 189 3110 habeant
210 3043 439 3127 Ἀχερδούσιος,
464 3051 495 3108 id
521 3052 613 3130 ipsum
639 3050 746 3108 indicio
772 3061 816 3110 est
840 3053 992 3129 scripsisse
1017 3063 1146 3112 nostrum
1172 3046 1221 3114 ι’ίν·

59 3146 193 3224 θρωπος
214 3137 454 3222 [Ἀχραδούσιος.
483 3136 551 3201 cirri
569 3142 639 3217 τοῦ]
657 3136 882 3221 Ἀχερδούσιος.
998 3149 1028 3203 2.
1044 3139 1220 3222 Ἐκκλησια·

59 3231 199 3311 ζούσαις]
215 3255 255 3295 rs.
266 3241 332 3297 361.
409 3241 475 3296 2.3.
486 3228 709 3312 βεβαλάνωμεν
721 3237 758 3294 V.
836 3239 865 3294 3.
876 3231 960 3294 ἔστιν
972 3236 1048 3294 libri.
1119 3233 1220 3312 Ἀχερ·

59 3323 188 3398 δούσιος
205 3331 270 3388 RV.
366 3334 396 3390 7.
418 3327 450 3388 ίν
468 3326 619 3409 περίπλῳ]
646 3349 677 3407 p.
699 3334 745 3388 12.
844 3333 891 3387 10.
910 3325 1035 3402 Βῶλος]
1056 3329 1221 3407 Scripserst

58 3425 116 3480 ista
145 3423 239 3480 Bolus
270 3423 301 3479 in
331 3420 405 3480 libro
435 3418 504 3499 περί
534 3422 738 3496 συμποιθειιῦν
769 3421 888 3480 laudato
918 3439 936 3478 ιι
963 3421 1055 3480 schol.
1078 3423 1220 3483 Nicandri

58 3515 153 3574 Ther.
163 3515 222 3574 764
232 3525 271 3591 ‚et
291 3514 393 3584 Suida,
412 3515 488 3573 male
508 3515 581 3572 duos
599 3515 690 3573 Bolos
712 3514 904 3593 distinguente
925 3533 987 3573 ατ.
1008 3512 1118 3584 Βῶλος
1137 3515 1220 3576 Μεν·

58 3599 177 3684 δύσιος.
266 3613 313 3666 10.
334 3597 381 3666 ότι
403 3600 621 3687 Θεόφραστος]
641 3607 719 3665 Inter
738 3597 785 3666 ὅτι
806 3617 836 3666 et
853 3603 1079 3685 Δημοκρίτειος
1099 3605 1219 3687 (Δημο

57 3693 200 3777 κρήτειος
224 3700 305 3775 libri)
332 3701 457 3760 distinxi.
487 3699 579 3758 Bolus
604 3709 680 3759 teste
701 3699 907 3778 Theophrasto
933 3702 974 3758 uti
999 3721 1058 3758 non
1077 3704 1181 3779 potuit.

57 3799 105 3852 11.
126 3786 242 3873 ίνοίτῳ]
269 3813 294 3852 ε.
315 3797 362 3852 17.
388 3786 424 3850 τδ
450 3787 603 3868 ιίψίνθιον
621 3789 662 3852 τδ
680 3789 738 3870 μὲν
752 3789 896 3850 ἐνταῦθα
915 3784 1061 3870 πρόβατα
1081 3786 1119 3851 ού
1139 3794 1222 3876 φασί

55 3905 136 3956 τινες
161 3881 326 3962 νέμεσθαι,
354 3881 395 3943 τό
420 3880 452 3944 δ’
472 3881 505 3944 ἓν
522 3887 567 3967 τῷ
586 3879 701 3968 Πόντῳ
721 3882 856 3961 νέμεται,
882 3881 933 3942 καί
957 3881 1070 3962 γίνεται
1091 3882 1219 3969 πιότερα

56 3977 108 4036 καί
128 3975 247 4036 καλλίω
266 3975 317 4036 καί
338 3971 380 4046 ὡς
399 3971 438 4055 δή
458 3997 536 4046 τινες
555 3974 695 4056 λέγουσιν
714 3972 771 4037 ούκ
789 3972 899 4052 ἔχοντα
914 3970 1020 4054 χολήν.
1042 3989 1218 4040 sustentem

57 4075 154 4130 omnia
174 4073 241 4140 ista,
264 4065 470 4152 Θεόφραστος
491 4103 530 4114 --
545 4064 652 4150 χολήν,
672 4071 820 4150 Apollonii
840 4072 927 4128 verbs
947 4071 1022 4130 Hist.
1041 4072 1107 4130 Μὶν.
1128 4094 1153 4131 c.
1167 4077 1218 4132 31:

59 4157 269 4244 Θεόφραστος
288 4159 321 4222 ἓν
339 4163 384 4244 τῷ
399 4161 467 4243 περί
486 4165 594 4242 φυτῶν
608 4161 649 4223 τὰ
664 4155 811 4238 πρόβατα
828 4159 923 4243 φησίν
937 4159 978 4221 τὰ
995 4161 1028 4222 ἐν
1042 4163 1088 4244 τῷ
1103 4157 1218 4248 Πόντῳ
1246 4161 1249 4166 ’

55 4252 92 4316 τὸ
111 4249 266 4330 όψίνθιον
287 4250 438 4332 νεμόμενα
459 4251 514 4315 ούκ
533 4252 592 4333 ἔχει
607 4251 714 4334 χολήν.
832 4257 879 4314 14.
900 4249 961 4315 ἀπὸ
981 4257 1019 4325 R,
1038 4249 1098 4315 ύπδ
1117 4258 1179 4316 AV.

57 4355 106 4409 16.
120 4343 307 4426 Ἀψύρτιοιί
424 4354 472 4409 18.
492 4342 581 4409 πόλιν
600 4351 695 4427 νῆσον
713 4350 795 4429 PpV,
820 4322 955 4425 νίονῆσον
975 4345 1050 4416 HR,
1075 4349 1163 4407 πολ..
1185 4347 1218 4408 δι’

54 4444 152 4518 νῆσον
165 4447 200 4511 Α,
219 4433 310 4499 πόλιν
329 4439 379 4502 καί
401 4443 494 4516 νῆσον
515 4442 578 4500 ΗΒ.
600 4443 781 4502 scribendum
803 4443 915 4502 ridetur
934 4434 1095 4513 Πολύβιος
1113 4441 1217 4516 νῆσον.
