2888 5084
782 215 832 288 90

229 393 364 480 ὁμοίως,
388 391 433 475 ὡς
458 390 598 483 Θούριοι
622 394 677 460 καί
697 393 873 477 Θαύμακοι
895 393 952 461 καί
966 399 1147 462 Λεοντῖνοι
1169 395 1225 462 καί
1241 393 1384 484 Δελφοί,

228 515 334 595 οὕτως
354 510 569 602 Ἀμφίδολοι.

306 627 544 720 Ἀμφίκαια,
567 626 668 710 πόλις
688 627 850 710 Φωκίδος,
866 628 1065 711 Παυσανίας
1082 629 1221 722 δεκάτῃ·
1246 627 1385 712 ὁαύτός

222 748 442 840 Ἀμφίκλειαν
464 741 569 815 εἶπεν.
611 743 629 815 ύ
652 746 792 837 πολίτης
807 744 1038 839 Ἀμφικαιεύς.

203 893 216 931 ε
308 865 564 958 Ἀμφίλοχοι,
602 863 704 946 πόλις
729 862 960 955 Ἀκαρνανίας,
998 865 1031 937 ολ
1060 867 1118 935 καὶ
1141 863 1384 960 Ἀμφιλοχικὸν

219 981 342 1077 Ἀργος
355 987 535 1074 κληθέντες
549 981 620 1055 ἀπὸ
638 981 846 1074 Ἀμφιλόχου
861 990 921 1054 τοῦ
936 983 1161 1077 Ἀμφιαράου,
1183 987 1241 1054 καί
1259 984 1382 1077 Ἀμφι-

227 1104 323 1191 λοχία
339 1101 358 1196 ἦ
373 1103 475 1193 χώρα.
509 1102 541 1171 ολ
557 1105 696 1170 πολῖται
712 1100 914 1193 Ἀμφίλοχοι
935 1105 992 1174 καί
1006 1102 1244 1194 Ἀμφιλοχικοί
1263 1105 1299 1174 ἐκ
1320 1109 1382 1174 τοῦ

221 1223 460 1313 Ἀμφιλοχικὸν
472 1218 604 1312 Ἀργος.

305 1339 594 1433 Ἀμφιμόλιον,
618 1337 720 1422 πόλις
741 1336 888 1430 Κρήτης,
912 1339 983 1412 ἀπὸ
1005 1339 1234 1433 Ἀμφιμάλου.
1273 1338 1292 1410 ὁ
1315 1368 1381 1410 πο-

188 1458 317 1552 ιυλίτης
340 1457 586 1551 Ἀμφιμαλιεύς
614 1455 897 1550 ἢἈμφιμόλιος.
943 1463 1074 1550 λέγεται
1103 1463 1159 1530 καὶ
1182 1457 1381 1549 Ἀμφίμαλα

225 1579 341 1678 καὶτὸ
363 1577 502 1648 ἐθνικόν
523 1575 784 1670 Ἀμφιμαλαῖος.

305 1695 573 1789 Ἀμφίπολις,
604 1694 708 1776 πόλις
737 1695 957 1777 Μακεδονίας
984 1699 1069 1765 κατὰ
1102 1693 1248 1788 Θρᾴκην,
1279 1695 1301 1787 ἥ
1327 1722 1379 1778 τις

219 1815 334 1887 Ἐννέα
367 1812 445 1886 ὁδοί
477 1817 638 1886 ἐκαλεῖτο.
681 1817 868 1905 κεκλῆσθαι
902 1818 940 1888 δὲ
972 1816 1125 1909 Μυρίκην
1159 1817 1216 1885 καί
1245 1813 1377 1894 Ἠιόνα,

219 1933 428 2026 Ἀμφίπολιν
450 1935 488 2004 δὲ
509 1935 568 2002 διὰ
588 1933 649 2023 την
670 1933 946 2022 περίρροιανμοῦ
962 1931 1229 2025 Στρυμόνοςὼς
1250 1941 1378 2004 Θουκυ-

186 2054 320 2144 κυδίδης
344 2051 494 2145 τετάρτῃ.
539 2053 687 2120 ἐκαλεῖτο
715 2054 753 2122 δὲ
776 2055 833 2120 καί
854 2051 1035 2142 Κρόδεμνα
1062 2055 1120 2122 καὶ
1141 2051 1376 2143 Ἀνάδραιμος.

223 2170 295 2242 ἔστι
321 2173 377 2241 καὶ
404 2169 506 2253 πόλις
526 2170 648 2260 Συρίας
675 2172 762 2259 πρὸς
786 2178 834 2261 τῷ
855 2169 1032 2264 Εὐφράτῃ,
1059 2172 1180 2258 κτίσμα
1201 2171 1376 2242 Σελεύκου.

222 2292 375 2360 καλεῖται
401 2293 439 2362 δὲ
465 2288 535 2360 ύπό
562 2295 628 2359 τῶν
655 2288 770 2381 Σύρων
796 2290 983 2382 Τούρμεόα.
1026 2293 1066 2360 τό
1094 2292 1231 2362 ἐθνικόν
1251 2290 1376 2383 Ἀμφι-

222 2409 371 2500 πολίτης.

298 2523 520 2621 Ἀμφισοα,
548 2524 651 2608 πόλις
669 2523 813 2612 Ὀζολῶν
833 2533 991 2618 Λοκρῶν.
1034 2524 1162 2618 ἐκλήθη
1191 2530 1234 2598 δὲ·
1257 2531 1316 2598 διὰ
1337 2529 1374 2598 τό

182 2684 209 2723 ιο
221 2629 485 2740 ἑμπεριέχεσθαι
505 2653 577 2729 τοῖς
600 2640 692 2735 όρεοι
712 2653 783 2727 τοῖς
804 2646 1076 2735 παρακειμένοις.
1120 2648 1304 2739 παραγωγὴ
1327 2651 1373 2729 δέ,

221 2765 267 2849 ιύς
288 2770 322 2837 ἑκ
343 2775 403 2858 τῆς
425 2765 499 2837 ἄντί
513 2761 671 2834 ’Ἀντισσα
693 2765 750 2833 καὶ
772 2762 808 2833 ἐκ
828 2771 887 2855 τῆς
908 2764 967 2835 ἐπί
988 2763 1123 2847 ἕπιοσα,
1160 2766 1265 2848 οὕτως
1286 2764 1375 2856 ύμφί

210 2883 397 2977 Ἀμφιοσα.
443 2882 461 2956 ὁ
495 2882 635 2972 πολίτης
661 2881 886 2975 Ἀμφιοσαῖος
919 2885 976 2952 καί
1002 2881 1219 2976 Ἀμφισσεύς.
1263 2889 1303 2954 τό
1338 2886 1372 2955 ἐκ

216 3098 418 3110 ———-

218 3257 245 3310 1.
269 3243 438 3324 Θαυμακοί
453 3249 502 3306 W.
580 3253 608 3304 2.
622 3240 826 3325 Ἀμφίιλορλοι
845 3246 882 3304 R.
959 3249 987 3302 3.
1008 3238 1134 3323 δεκάτη]
1154 3253 1201 3318 23,
1221 3253 1250 3308 9.
1276 3253 1326 3308 ubi
1345 3271 1370 3309 v.

216 3346 309 3423 intpp.
427 3345 454 3400 5.
469 3337 664 3419 Ἀμφίλοχοι]
692 3340 783 3395 Huius
809 3339 946 3396 sectionis
965 3339 991 3393 A
1014 3339 1084 3395 nihil
1108 3340 1195 3400 habet
1220 3344 1275 3399 nisi
1300 3344 1371 3402 haec

210 3430 391 3514 Ἀμφιλοχοι
411 3430 462 3491 καί
477 3427 688 3511 Ἀμφιλοχικοί
708 3427 741 3490 ἐκ
761 3431 817 3488 τοῦ
835 3425 1057 3508 Ἀμφιλοχικοῦ
1075 3424 1212 3510 Ἄργους.
1234 3436 1371 3513 supplent

215 3526 364 3606 PpHRV.
479 3531 507 3585 6.
528 3521 589 3584 ἀπὸ
608 3523 698 3604 PpH,
724 3519 782 3583 ὑπὸ
802 3525 867 3582 RV.
985 3528 1012 3582 8.
1027 3517 1246 3601 Ἀμφιλοχικὸν
1262 3521 1372 3604 Ἄργος

215 3620 317 3688 HRV,
331 3613 553 3697 Ἀμφιλοχικοῦ
565 3611 694 3698 Ἄργους
715 3619 792 3695 APp.
870 3623 898 3676 9.
912 3610 1121 3693 Ἀμφιμάλιον
1140 3619 1177 3686 V,
1199 3612 1370 3699 Ἀμφιμιίλ·

215 3714 280 3770 λιον
299 3712 334 3778 R,
348 3702 574 3790 Ἀμφιμιλλλιον
593 3715 627 3769 A.
699 3704 896 3788 Ἀμφιμιίλου
917 3711 953 3778 V,
974 3702 1188 3788 Ἀμφιμάλλου
1207 3713 1244 3778 R,
1262 3706 1369 3791 Ἀμφι-

213 3797 333 3878 μιίλλου
353 3806 387 3862 A.
409 3814 496 3880 atque
516 3803 554 3861 ad
574 3804 697 3863 eandem
718 3804 856 3860 rationem
876 3803 963 3860 iidem
983 3803 1047 3860 libri
1061 3803 1147 3859 etiam
1161 3805 1190 3860 in
1205 3805 1368 3879 gentilibus.

216 3904 262 3957 13.
283 3893 452 3973 Μυρρίκην
477 3897 546 3965 RV,
573 3889 738 3974 Μύρκινον
762 3897 899 3964 Vossius,
931 3888 1096 3968 Μύρκινον
1120 3896 1165 3953 vel
1189 3895 1370 3974 Μυρκινίοιν

214 3993 252 4049 Η.
352 3982 480 4046 Ἠιύνιιν
498 3990 561 4058 RV,
583 4007 639 4064 qua
659 3988 753 4044 sonna
772 3988 944 4066 epitomator
963 3987 1004 4042 uti
1030 3988 1136 4062 potuit,
1163 4007 1220 4046 non
1239 3989 1368 4067 Stepha-

215 4104 277 4141 nus.
394 4086 440 4141 15.
461 4072 605 4158 τετάρτη]
632 4103 657 4140 c.
679 4085 744 4140 102.
852 4085 898 4139 16.
918 4078 963 4159 τῷ
983 4098 1039 4136 om.
1060 4079 1095 4136 R.
1202 4086 1250 4138 20.
1271 4100 1367 4158 παρα-

213 4171 295 4252 γωγὴ
316 4177 351 4250 R,
377 4167 568 4252 παραγώγως
589 4175 649 4232 AV.
766 4178 812 4232 21.
835 4167 890 4248 ὡς]
916 4170 967 4230 καί
986 4173 1022 4232 R.
1139 4170 1171 4232 ιἰι
1193 4191 1248 4230 om.
1272 4175 1308 4230 V.

215 4273 262 4326 22.
277 4261 446 4346 Ἀμφισιύς
465 4269 501 4324 R.
