2866 5092
768 235 819 307 80

217 411 250 481 oi
272 410 445 484 Ἀλωόδαι
472 408 675 494 καθελόντες
701 413 779 496 τούς
803 417 947 506 Θρᾷκας.
993 410 1039 497 ὡς
1066 408 1154 484 εἶναι
1178 412 1280 506 αότῆν
1303 413 1373 487 ἀπό

211 527 376 614 Ἀλωέως.
419 533 458 601 τό
481 529 618 601 ἔθνικδν
634 529 789 612 Ἀλωεός.

296 647 462 739 Ἀλείνη,
492 655 592 742 νῆσος
618 650 704 740 πρός
728 655 770 741 τῆ
800 650 948 741 Κυζίκῳ,
979 651 1053 742 ῆτις
1081 653 1138 722 καί
1166 651 1294 742 Νεβρίς
1321 654 1378 722 καί

217 767 380 860 Προχιίνη
414 767 575 839 ἐκαλεῖτο.
618 769 657 836 τό
692 767 829 839 ἐθνικόν
858 767 1072 858 Ἀλωνῆσιος.
1116 767 1305 861 ὠνομάσθη
1339 774 1378 842 di

192 887 338 970 εοίίτως,
361 885 466 958 ὁπότε
488 886 520 958 oi
543 887 756 968 ἐποικοῦντες
776 889 836 978 τῆν
856 893 922 956 ταῖν
943 886 1035 957 όλιῦν
1056 887 1214 979 ἐργασίαν
1236 887 1377 980 ἐπενόη-

218 1033 291 1077 σαν.
334 1008 422 1088 τινός
444 1009 482 1078 δὲ
504 1005 607 1097 αὐτῆν
629 999 726 1076 εἶπον
748 1004 853 1076 πόλιν
874 1005 1131 1096 Παφλαγονίας.

277 1123 477 1208 ΙἈλωνίς,
501 1131 601 1216 νῆσος
622 1127 678 1194 καὶ
700 1123 802 1207 πόλις
818 1123 1034 1208 Μασσαλίας,
1057 1121 1104 1207 ὦς
1120 1124 1375 1219 Ἀρτεμίδωρος.

218 1247 258 1315 τό
279 1245 416 1316 ἒθνικδν
436 1241 625 1334 Ἀλιονίτης.

298 1361 523 1454 Ἀλωπεκῆ,
558 1367 665 1454 δῆμος
696 1366 755 1450 τῆς
782 1357 988 1446 Ἀντιοχίδος
1018 1364 1137 1453 φυλῆς.
1180 1360 1199 1433 δ
1231 1363 1377 1456 δημότης

180 1481 432 1564 ιυἈλωπεκεός.
461 1483 504 1551 τό
518 1482 643 1551 τοπικδ
654 1478 895 1569 Ἀλωπεκῆθεν
905 1476 1139 1572 Ἀλωπεκῆνδε
1152 1479 1376 1576 Ἀλωπεκῆσι.

298 1599 551 1682 Ἀλιυπεκία,
587 1604 698 1688 νῆσος.
748 1597 907 1688 Στράβων
944 1597 1113 1692 ἑνδεκάτῃ.
1161 1603 1200 1672 τό
1238 1603 1377 1674 ἐθνικόν

214 1717 439 1801 Ἀλωπεκιεός
462 1715 507 1800 ὡς
532 1715 709 1803 Οἰχαλιεός
730 1723 789 1806 τῆς
814 1715 985 1802 Οἰχαλίας.
1035 1759 1041 1766 ·

299 1837 339 1908 Ἀ
346 1833 672 1926 λωπεκόννησος,
695 1833 798 1918 πόλις
819 1840 878 1924 τῆς
888 1832 1150 1925 Ἑλλησποντίας
1162 1838 1376 1932 χερρονῆσου,

221 1961 306 2028 κατὰ
319 1957 465 2047 χρησμόν
479 1961 666 2038 κτισθεῖσα,
682 1953 894 2039 κελεύσαντα,
915 1953 1002 2024 ἔνθα
1020 1951 1061 2024 όίν
1075 1955 1241 2041 σκύλακας
1256 1958 1378 2030 ίδωσιν

181 2111 207 2148 15
220 2075 411 2157 ἀλώπεκος,
440 2073 509 2145 ἐκεῖ
529 2072 631 2143 π’όλιν
653 2072 790 2143 οίκίσαι.
831 2075 871 2144 τό
894 2075 1031 2144 ἐθνικόν
1052 2073 1375 2168 Ἀλιοπεκοννῆσιος.

219 2194 411 2286 ἐκλήθησαν
432 2197 469 2265 δὲ
493 2193 562 2277 ὅτι,
592 2193 647 2264 ότε
675 2192 801 2278 ἔκτιζον
828 2193 888 2283 τῆν
915 2193 1032 2276 πόλιν,
1063 2191 1205 2285 ἀλώπηξ
1232 2195 1376 2283 σκύμνον

219 2311 367 2384 δίλλοθεν
389 2315 539 2405 φέρουσα
562 2313 770 2382 κατετίθετο.

295 2427 488 2523 Ἀλωρος,
522 2430 624 2514 πόλις
653 2429 882 2511 Μακεδονίας.
927 2429 999 2502 ἔστι
1031 2434 1069 2502 δὲ
1099 2434 1140 2501 τό
1172 2431 1376 2517 μυχαίτατον

218 2560 279 2624 τοῦ
304 2551 474 2644 Θερμαίου
494 2549 634 2621 κόλπου.
675 2551 714 2620 τό
737 2550 875 2619 ἑθνικδν
890 2546 1072 2641 Ἀλωρίτης
1094 2552 1151 2620 καί
1167 2548 1354 2640 Ἀλωρῖτις.

181 2702 208 2740 τυ
299 2669 538 2758 Ἀμοίδοκοι,
565 2671 736 2740 Σκυθικόν
761 2668 880 2754 ἔθνος,
904 2667 1099 2752 Ἑλλάνικος
1126 2671 1162 2740 ἐν
1182 2679 1374 2754 Σκυθικοῖς.

219 2790 239 2882 ῆ
262 2797 304 2881 χῆ
327 2793 365 2862 δὲ
385 2787 514 2860 τούτων
533 2787 749 2874 Ἀμαδόκιον.

299 2905 582 2994 Ἀμαζόνειον,
613 2907 720 2989 τόπος
747 2909 782 2978 όν
808 2913 850 2999 τῆ
870 2906 1020 3000 Ἀττικῇ,
1050 2905 1137 2978 ἔνθα
1161 2909 1291 2998 Θησεδς
1310 2915 1376 2977 τῶν

214 3024 407 3114 Ἀμαζόνων
435 3023 622 3117 ἐκράτησεν.
666 3025 771 3106 οίίτως
798 3024 947 3095 ἐκαλεῖτο
976 3027 1033 3094 καί
1054 3023 1073 3115 ἡ
1098 3023 1212 3116 Κύμη,
1241 3028 1276 3096 ἐν
1295 3018 1321 3119 ᾗ
1341 3025 1377 3097 αλ

213 3143 395 3233 Ἀμαζόνες
424 3139 541 3235 ῆίκουν.
581 3140 756 3226 Ἑκαταῖος
783 3142 816 3214 δ’
842 3143 877 3214 ἐν
898 3153 968 3226 τοῖς
988 3142 1170 3226 Αἷσλικοῖς
1198 3147 1258 3214 διδ
1279 3153 1376 3216 τοῦῖ

181 3263 343 3358 χςχρόφει
369 3264 409 3334 τό
437 3259 554 3350 όνομα.
599 3261 670 3332 ἔστι
697 3265 754 3332 καί
780 3257 863 3333 όίλλο
891 3264 948 3332 διδ
976 3268 1037 3332 τοῦ
1058 3265 1076 3329 λ
1099 3261 1320 3350 Ἀμαζονικόν
1341 3267 1376 3336 ἒν

217 3497 420 3510 -n—-—

217 3651 245 3705 1.
267 3638 385 3711 ἑλόντες
405 3645 440 3702 R.
527 3650 556 3703 2.
571 3638 715 3714 Ἀλωιεός
734 3647 770 3704 Β.
859 3649 887 3702 3.
909 3639 1026 3722 Νεβρίς
1045 3643 1085 3713 Μ,
1106 3638 1221 3721 Νευρίς
1240 3645 1315 3702 libri.
1337 3646 1375 3704 cs.

217 3740 328 3798 Plinius
349 3738 416 3794 NH.
436 3740 464 3806 5,
484 3739 522 3796 44
546 3749 575 3797 et
595 3739 685 3796 schol.
705 3738 852 3817 Apollonii
871 3737 927 3795 Rh.
948 3741 976 3806 2,
997 3741 1064 3796 279.
1161 3741 1189 3796 5.
1211 3735 1376 3796 ε’πιοικοῦν·

217 3851 267 3900 τες
287 3831 323 3887 V.
401 3836 428 3890 9.
444 3822 599 3906 Ἀλωπίκη
619 3832 694 3888 libri.
774 3836 819 3888 10.
838 3824 1027 3904 Ἀλωπεκῆδε
1042 3823 1217 3905 Ἀλωπεκῆς
1237 3841 1305 3890 ante
1326 3832 1362 3889 B.

219 3930 265 3982 11.
287 3913 446 4000 ἑνδεκάτη]
467 3944 497 4001 p.
518 3925 584 3983 493.
693 3929 740 3981 12.
753 3915 952 3989 Ἀλωπεκιεός
972 3923 1008 3996 V,
1029 3913 1218 3990 Ἀλωπεκεός
1237 3925 1298 3981 AR.

219 4021 265 4074 13.
280 4001 528 4091 Ἀλωπεκόνησος
547 4016 622 4074 libri.
729 4007 919 4092 χεροννῆσοσ
938 4017 975 4072 R.
1088 4014 1134 4071 14.
1155 4015 1320 4073 κτισθεῖσα
1341 4016 1376 4084 V,

214 4106 392 4186 χρησθεῖσα
413 4110 473 4167 AR.
590 4103 789 4176 κελεύσαντος
809 4105 913 4166 HRV.
939 4107 1064 4166 sortasse
1085 4109 1192 4165 excidit
1211 4108 1268 4166 τοῦ
1288 4109 1376 4166 θεοῦ.

219 4208 257 4266 cf.
278 4209 405 4286 Epimer.
427 4210 512 4266 Hom.
533 4228 563 4285 p.
584 4213 630 4276 80,
650 4211 678 4267 5.
746 4201 824 4268 15.
846 4204 969 4283 οἰκῆσαι
989 4209 1024 4266 R.
1117 4196 1377 4285 Ἀλωπεκοίῆσιος

218 4302 253 4369 R,
271 4293 532 4376 Ἀλωπεκονῆσιος
551 4301 613 4359 AV.
732 4305 778 4360 16.
800 4290 849 4358 ὅτε
870 4319 926 4357 om.
946 4300 982 4356 V.
1101 4305 1147 4359 17.
1167 4293 1281 4359 ἄλλοθι
1301 4302 1337 4360 R.

219 4397 264 4452 18.
281 4389 315 4450 δι’
335 4388 442 4465 [κατὰ]
464 4387 519 4450 ui?
597 4398 643 4454 19.
669 4388 828 4468 Θερμαίου
848 4392 913 4462 ΒΗ,
927 4386 1077 4468 Ἑρμαίου
1098 4394 1173 4451 libri.
