2866 5092
636 282 682 354 13

158 457 403 550 Ἀγαίμμιια,
431 453 516 548 όκρα
539 462 597 529 καὶ
618 464 717 553 λιμήν
738 463 818 551 περὶ
836 463 897 552 τήν
923 461 1061 554 Τροίαν,
1092 461 1139 547 ὡς
1161 462 1237 536 Ἓλ-

81 577 216 660 λόνιιιος
236 577 272 648 ἐν
293 580 449 668 δευτέρῳ.
481 576 609 668 ἐκλήθη
631 581 671 650 δὲ
692 575 763 648 δπό
785 586 845 649 τοῦ
861 575 991 669 όγαμον
1006 563 1237 674 τήνἮσιόνην
1362 571 1363 574 ¹

80 694 133 766 ὑπ’
158 695 264 767 σιίτοῦ
285 701 531 788 παραδοθῆναι
552 703 600 788 τῷ
627 695 729 786 κη’τει.
774 701 905 787 λέγεται
933 703 972 771 δὲ
1000 701 1057 769 ναὶ
1073 698 1236 791 Ἀγόμμη,

82 812 125 898 τίς
145 817 315 904 πρέσβεια
331 817 460 908 πρέσβη
475 818 531 884 καί
548 818 587 886 τὸ
603 816 761 903 βασίλεια
776 819 860 887 κατὰ
876 819 1083 910 συναλοιφὴν
1096 821 1236 910 βασίλη·

82 933 185 1018 οὕτως
206 931 394 1022 Ἀγόμμεια
413 932 576 1024 Ἀγάμμη.
617 933 756 1004 δόναται
785 938 823 1006 δὲ
848 937 907 1004 καὶ
927 937 966 1006 τό
983 934 1170 1026 Ἀγόμμεια
1200 941 1261 1009 ἐκῡ

81 1059 138 1120 τοῦ
155 1050 324 1142 Ἀγόμμη,
353 1048 399 1134 ὥς
427 1055 466 1124 τό
488 1051 706 1144 Πηνελόπεια
735 1052 771 1122 ἐκ
793 1059 853 1123 τοῦ
874 1053 1068 1146 Πηνελόπη.
1112 1059 1151 1127 τό
1174 1060 1236 1128 ἒθ-
1334 1095 1338 1102 ·

85 1171 172 1240 νινδν
190 1169 386 1260 Ἀγαμμεός,
409 1167 456 1254 ὡς
474 1177 534 1263 τῆς
557 1172 766 1254 Μαντινείας
783 1169 985 1254 Μαντινεύς.
1026 1176 1159 1262 λέγεται
1180 1181 1237 1246 καὶ

85 1289 238 1378 Μαντίνη
263 1291 349 1358 κατὰ
375 1291 584 1382 συναλοιφὴν
610 1289 688 1381 παρ’
713 1287 889 1381 Ἑκαταίῳ.
932 1293 988 1360 καί
1004 1289 1235 1384 Ἀγαμμείτης,

85 1405 127 1490 ὡς
148 1407 318 1498 Ζελείτης.
362 1408 492 1501 εἴρηται
519 1410 581 1499 γὰρ
609 1406 629 1499 ἡ
659 1411 785 1479 Ζέλεια
811 1411 869 1478 ναί
891 1411 991 1499 Ζέλη.
1035 1411 1120 1481 ὥστε
1147 1407 1235 1485 εἶναι

85 1535 140 1598 τοῦ
156 1525 348 1619 Ἀγόμμεια
369 1531 409 1599 τό
426 1526 680 1618 Ἀγαμμειότης,
704 1525 750 1609 ὡς
770 1529 810 1599 τό
833 1527 1025 1620 Ζελειότης.
1248 1561 1274 1600 ιο

162 1646 352 1738 Ἀγαμός,
383 1646 484 1730 πόλις
510 1651 588 1734 περὶ
613 1645 817 1737 Ἡράκλειαν
844 1648 904 1737 τήν
926 1647 1105 1738 Ποντικήν.
1150 1646 1235 1720 ὠνό-

85 1793 206 1852 μασται
229 1768 268 1836 δὲ
291 1763 361 1837 ἀπὸ
385 1771 535 1848 παλαιᾶς
555 1766 742 1854 βασιλίδος,
766 1760 788 1857 ἢ
808 1767 972 1853 στέρξασα
990 1769 1164 1858 παρθένος
1180 1772 1236 1838 καί

87 1888 220 1974 κυνηγόν
245 1885 373 1955 καί....
398 1883 509 1974 αὐτήν.
552 1882 571 1953 ὁ
594 1885 734 1976 πολίτης
750 1881 922 1975 Ἀγόμιος.

160 2003 407 2094 Ἀγβάτανα,
435 2004 608 2087 πολίχνιον
628 2006 761 2094 Συρίας,
779 2002 967 2094 Ἡρόδοτος
986 2003 1097 2095 τρίτῳ.
1142 2005 1175 2075 οἶ
1196 2008 1235 2077 δι’

87 2129 138 2192 νῦν
158 2122 349 2195 Βατόνιιαν
376 2123 479 2216 αδτήν
505 2127 658 2194 καλοῦσι.
690 2124 739 2194 ιτδ
768 2123 905 2193 ἐθνικόν
926 2127 1157 2207 Βατανεῶται,
1188 2121 1273 2206 (531⁵

83 2240 263 2334 Ῥαφόνεια
276 2240 518 2332 Ῥαφανειδται.
552 2240 746 2334 Δημήτριος
760 2243 799 2311 δέ
815 2267 917 2333 φησιν
925 2239 1113 2331 Ἀγβάτανα
1127 2241 1234 2327 διττό,

85 2365 124 2430 τὰ
143 2363 205 2447 μὲν
223 2367 283 2450 τῆς
306 2361 446 2451 Μηδίας
464 2363 508 2431 τὰ
530 2364 568 2432 δὲ
588 2367 648 2452 τῆς
668 2359 801 2452 Συρίας.
835 2359 984 2450 Κτησίας
1006 2364 1044 2431 δὲ
1066 2369 1236 2449 πανταχοῦ

86 2485 148 2547 τῶν
162 2484 339 2571 Περσικῶν
357 2482 399 2549 τὰ
422 2482 515 2572 παρὰ
530 2477 669 2570 Μήδοις
686 2476 874 2569 Ἀγβάτανα
896 2480 955 2549 διό
977 2484 1038 2549 τοῦ
1059 2481 1081 2548 ἆ
1100 2477 1235 2571 γράφοι.

87 2599 175 2688 παρὰ
198 2601 236 2669 δὲ
255 2605 327 2682 τοῖς
349 2596 501 2689 ἄρχαίοις
518 2601 576 2669 διὰ
590 2602 679 2668 τοῦτ’
692 2598 731 2668 τό
745 2594 923 2688 Περσικόν,
948 2594 994 2680 ὡς
1007 2594 1235 2688 δειχθήσεται.

88 2719 176 2808 παρὰ
198 2715 336 2808 Χόρακι
364 2719 402 2786 δὲ
429 2721 486 2787 καὶ
514 2717 597 2808 αὕτη
626 2718 685 2785 διὰ
715 2722 775 2785 τοῦ
800 2725 832 2798 ἓ,
864 2711 904 2804 ἣν
933 2717 989 2784 καὶ
1013 2712 1275 2805 Ἐπιφόνειόντι

89 2966 112 3018 1.
127 2953 296 3038 Ἀγόμμεια
323 2958 475 3040 ΠΡΡΙΝ,
504 2953 651 3038 Ἀγόμαα
675 2964 713 3020 Λ.
740 2963 872 3022 revocavi
896 2961 1031 3019 librorum
1057 2962 1237 3039 scripturam,

89 3072 168 3128 quam
192 3055 339 3113 literarum
364 3056 453 3112 series
475 3055 656 3113 commendat
675 3055 762 3113 etiam
781 3057 860 3134 apud
880 3054 1069 3130 Hesychium,
1088 3047 1237 3134 Ἀγαμίας

89 3139 290 3222 (Ἀγόμμιια)ι
313 3141 391 3205 ίνθα
412 3143 444 3204 αί
464 3142 614 3226 παρθένοι
634 3144 804 3216 ἓξετίθεντο
824 3147 869 3228 τῷ
888 3139 980 3223 κήτει.
1002 3145 1041 3202 cs.
1061 3139 1237 3204 Ψυττάλεια

88 3233 280 3312 αἝρόθεια,
303 3241 349 3296 ubi
370 3241 437 3298 item
458 3259 495 3299 ex
509 3240 594 3299 codd.
609 3234 780 3319 Άγόμμεια
799 3239 1008 3318 reponendum.
1029 3255 1124 3312 neque
1143 3226 1238 3294 nbstat

88 3351 168 3408 qnam
196 3333 311 3390 subiicit
338 3334 504 3413 Stephanus
529 3336 651 3392 nominis
681 3335 843 3411 originatio.
874 3334 960 3392 etiam
991 3332 1020 3388 in
1051 3329 1236 3404 sequentibus

88 3437 249 3484 constanter
278 3425 365 3484 iidem
395 3426 460 3483 libri
485 3425 593 3486 habent
616 3420 758 3504 Ἀγόμμη
781 3418 952 3504 Ἅγόμμεια
977 3416 1182 3500 Ἀγαμμείτης
1207 3429 1238 3480 et

82 3509 310 3593 Ἀγαμμιαίτης.
388 3523 416 3575 3.
437 3513 496 3576 ὑπὸ
517 3519 572 3576 τοῦ
592 3515 736 3598 [πατρὸς]
751 3513 994 3598 παροδοθήναιί
1071 3515 1100 3572 ⁴1.
1115 3509 1235 3592 πρίσβη

86 3629 139 3666 om.
159 3609 195 3668 V.
290 3619 318 3671 9.
340 3607 481 3686 Ζελείτης
501 3611 536 3680 Β,
556 3607 696 3688 Σιλείτης
713 3611 789 3669 libri.
886 3599 962 3666 είναι
981 3608 1038 3664 τοῦ
1050 3599 1236 3683 Ἀγάμμεια]
1358 3651 1369 3668 .

86 3721 136 3778 pro
157 3701 201 3758 his
221 3701 277 3760 lac.
297 3704 362 3762 RV.
470 3709 516 3762 11.
537 3695 654 3780 Ἀγόμη
678 3704 756 3773 1³⁸·V,
782 3724 837 3761 om.
864 3721 927 3759 cum
952 3719 1036 3777 seqq.
1061 3691 1149 3767 πόλις
1168 3695 1240 3778 περί

85 3794 186 3852 lacuna
206 3796 332 3853 indicata
351 3797 388 3854 R.
517 3801 563 3854 12.
592 3787 652 3853 οἷπδ
674 3794 808 3863 παλαιᾶς
826 3795 951 3852 indicata
972 3794 1076 3850 lacuna
1096 3811 1152 3852 om.
1172 3793 1236 3850 RV.

111 3881 128 3962 ἢ
148 3888 185 3945 R.
283 3883 441 3962 παρθίνος
459 3887 560 3956 P⁸RV,
581 3882 739 3965 παρθένον
758 3889 791 3946 Α.
882 3891 929 3944 13.
950 3881 1005 3942 καί
1021 3895 1089 3964 post
1108 3879 1238 3962 κυνηγόν

85 3979 150 4036 εδδ.
171 3977 272 4037 RVH.
351 3972 446 4037 αὐτόν
464 3977 514 4049 Pb,
534 3999 590 4036 om.
611 3981 647 4037 R.
739 3980 785 4039 14.
805 3977 914 4060 τρίτῳ]
936 3999 961 4035 c.
983 3981 1021 4035 62
1041 3978 1138 4036 2161.
1217 3971 1237 4053 ἡ

85 4067 119 4128 δί
136 4073 169 4130 R.
270 4076 317 4131 15.
339 4065 436 4147 αὐτήν
455 4091 510 4129 om.
530 4072 594 4130 RV.
693 4077 739 4130 16.
760 4091 891 4149 ...τριος
911 4073 946 4129 R.
1039 4075 1084 4129 17.
1105 4065 1238 4145 Μηδίας

84 4163 117 4232 1',
137 4161 285 4240 Μηδείας
305 4165 365 4222 AR.
463 4163 519 4239 τῆς
538 4161 655 4242 Συρίας
674 4185 729 4224 om.
750 4167 786 4235 R,
807 4162 876 4233 σίας
896 4184 949 4242 pro
970 4159 1088 4240 Συρίας
1106 4173 1136 4222 et
1156 4164 1237 4220 lacn·
1331 4163 1349 4194 ⁶

84 4275 144 4314 nam
165 4259 242 4315 inter
262 4257 319 4332 τῆς
338 4266 368 4314 et
387 4252 457 4324 σίας
477 4256 515 4312 V.
625 4261 672 4317 18.
694 4253 746 4314 διὰ
767 4259 822 4315 τοῦ
841 4262 863 4314 Ε
884 4277 940 4314 om.
961 4257 997 4314 R.
1024 4254 1111 4312 hodie
1137 4256 1164 4310 in
1185 4273 1237 4311 ex·
1289 4273 1297 4326 '.

84 4353 185 4428 terptis
208 4349 329 4406 Ctesiae
350 4348 455 4424 ubique
473 4339 657 4420 Ἐκβάτανα.
776 4355 822 4409 19.
844 4348 882 4408 τὰ
904 4338 1046 4421 Περσικά
1073 4345 1139 4402 ΒΗ.

84 4445 124 4500 ²0.
146 4439 218 4518 πιρί
235 4441 274 4498 V.
