2858 5056
746 239 820 316 πο
850 269 851 272 ψ

203 429 283 485 Erot.
297 431 343 484 11.
369 425 412 481 Ex
429 425 472 481 his
489 424 606 503 planum
624 441 690 481 esse
709 424 841 491 arbitror,
861 425 889 480 in
904 422 1032 481 Pollucis
1047 424 1112 481 loco
1130 425 1220 482 verha
1233 413 1253 500 ἢ
1268 421 1378 482 πεδίον

200 521 431 604 Ἠπειρωτικόν,
454 543 528 600 qnae
548 525 728 600 ineptissime
747 523 989 601 praecedentibus
1011 523 1189 592 inseruntur,
1211 525 1241 580 in
1264 525 1376 599 margi·

204 649 269 687 nem
290 625 449 702 releganda
470 643 544 692 esse,
566 623 745 701 Stephanum
767 634 861 680 autern
883 625 942 680 siue
962 626 1058 702 potius
1077 625 1287 702 epitomatores
1305 623 1376 681 Ste-

205 729 293 808 phani
313 726 388 783 male
406 725 584 781 intellexisse
602 725 790 791 Hellanicurn,
811 725 859 800 qui
877 726 925 782 uhi
940 723 976 781 de
987 726 1082 782 Lesbo
1096 726 1211 800 agebat,
1232 723 1321 780 simul
1338 723 1376 780 de

205 828 347 904 'stagneis
363 828 391 881 in
411 826 613 882 continenti
634 825 695 881 sitis
713 825 833 880 dixerat.
861 823 1012 881 Simillimo
1028 843 1126 881 errore
1144 824 1225 901 apud
1242 833 1375 881 nostrum

205 949 236 1006 p.
258 931 331 994 698,
351 930 379 983 6.
401 924 554 982 edebatur:
580 918 701 991 Χυτόν,
724 920 841 1001 χωρίον
863 917 1021 1001 Ἠπείρου.
1043 924 1120 1000 quod
1142 942 1226 981 uerno
1255 943 1314 982 non
1338 925 1376 982 de

204 1031 296 1107 Epiro
317 1027 505 1101 intelligeret,
526 1026 581 1080 nisi
601 1025 713 1081 veriora
735 1024 865 1091 doceret,
888 1043 972 1100 quem
994 1026 1122 1093 subiicit,
1143 1026 1223 1081 locus
1246 1025 1376 1102 Ephori:

206 1123 236 1185 οί
256 1121 284 1185 d’
298 1123 339 1185 ’ἐκ
359 1123 566 1199 Κλαζομενῶν
591 1116 767 1201 κατῴκισαν
792 1123 848 1198 τῆς
867 1116 994 1199 ἠπείρου
1015 1119 1049 1180 τὸ
1071 1120 1180 1182 Χυτόν
1199 1117 1376 1200 λεγόμενον.

206 1245 300 1303 neque
328 1225 385 1282 alia
409 1227 482 1280 ratio
509 1243 607 1282 eorum
635 1233 680 1280 est
700 1241 775 1298 quae
795 1243 819 1280 s.
843 1242 867 1280 r.
889 1217 985 1298 Νάπη
1005 1245 1035 1302 p.
1056 1225 1123 1283 469.
1145 1224 1300 1299 leguntur,
1327 1225 1376 1280 uulsi

137 1363 145 1376 ·
206 1335 346 1384 memorat
370 1325 495 1400 scriptor
515 1327 612 1382 urbem
634 1324 803 1380 Lesbiacam
825 1323 953 1399 Napam:
979 1318 1091 1398 Νάπη,
1118 1317 1206 1390 πόλις
1226 1319 1375 1396 Λέσβου.

202 1420 380 1491 Ἑλλάνικος
395 1421 427 1479 ἓν
442 1419 573 1502 δευτίρῳ
585 1421 787 1496 Λεσβιοκῶν.
805 1423 908 1497 quihus
924 1423 1021 1488 addit:
1040 1420 1097 1480 είσί
1114 1420 1148 1480 (λε’
1164 1419 1215 1481 καί
1233 1422 1375 1479 Nunnius

207 1517 345 1602 ἠπείρου.
362 1524 487 1582 ulricum
504 1525 571 1581 item
587 1523 672 1597 vulgo
687 1515 835 1596 Ἠπείρου
851 1523 1033 1591 scriberetur,
1050 1523 1223 1600 nescioquo
1242 1524 1377 1580 acumine

208 1615 376 1684 Holstenius
393 1624 602 1700 Epiroticorum
624 1624 821 1701 Napaeorum,
842 1625 890 1699 qni
910 1623 982 1681 nulli
1002 1625 1127 1692 strenrnt,
1149 1627 1319 1681 rnernoriarn
1341 1641 1377 1680 ex

209 1726 365 1784 scholiasta
389 1723 507 1780 Pindari
533 1722 616 1797 Pyth.
637 1728 663 1780 1.
691 1724 729 1780 in.
757 1724 810 1780 sihi
842 1743 942 1782 eruere
975 1725 1050 1781 risus
1082 1713 1143 1784 esti
1172 1720 1312 1782 ἐνειλεῖτο
1344 1718 1377 1779 ds*

210 1818 243 1902 (ἡ
264 1820 385 1898 Πυθὼ)
406 1819 442 1881 τὸ
462 1815 612 1900 πρότερον
631 1819 736 1897 Νάπη,
759 1813 825 1880 εἶτα
844 1816 1040 1900 Πετρήεοσα,
1062 1815 1126 1882 είτα
1148 1820 1288 1898 Κρίσου,
1311 1814 1375 1880 εἶτα

209 1918 325 1981 Πυθώ.
347 1924 531 1982 manifestum
549 1923 603 1992 est,
620 1922 798 1980 Hellanicum
816 1923 886 1979 nihil
900 1923 978 1980 aliud
996 1925 1112 1993 dixisse,
1134 1943 1221 2000 quarn
1235 1925 1376 2002 Napaeos

205 2005 266 2082 non
281 2023 310 2080 in
323 2024 419 2081 Lesho
432 2033 539 2079 tantum
555 2023 659 2091 insula,
675 2023 726 2081 sed
740 2025 824 2082 etiarn
841 2025 870 2080 iu
884 2025 1040 2082 continenti
1051 2023 1209 2082 lrahitasse.
1237 2027 1283 2082 Ad
1296 2027 1373 2082 'l'ra-

209 2143 347 2202 gasaeum
361 2123 449 2180 salem
466 2131 497 2178 nt
512 2122 638 2192 redeam,
660 2125 780 2202 primum
802 2125 962 2183 emendatio
984 2125 1230 2200 corrrrptissin'ram
1246 2127 1372 2201 glossam

210 2221 361 2296 Hesychii:
387 2215 507 2298 Τράγοι
524 2221 604 2296 (cod.
617 2217 764 2299 τρείγαιο)
780 2223 905 2294 Atussa
928 2215 1010 2283 odom
1031 2217 1169 2300 λίγυνται
1187 2219 1250 2282 ἀπὸ
1267 2223 1374 2302 λίμνης

210 2315 388 2397 ἣκαλεΐται
412 2316 529 2399 Τράγη.
551 2343 670 2398 quorum
692 2326 789 2402 priora
809 2327 849 2383 ita
870 2324 1041 2402 corrigenda
1066 2335 1147 2381 sunt:
1177 2324 1373 2402 Tpuyuouios

211 2411 296 2502 ἅλες·
318 2411 399 2478 οὕτω
415 2416 552 2499 λέγονται
570 2416 630 2478 ἀπὸ
643 2419 761 2498 λίμνης.
778 2445 831 2483 nec
848 2417 955 2503 Τράγη
969 2426 1162 2503 incorruptum
1178 2425 1302 2494 ridetur,
1323 2445 1374 2504 pro

212 2541 269 2598 quo
291 2503 336 2578 ad*
350 2533 509 2580 ceterorum
531 2523 701 2599 scriptorum
723 2545 804 2594 usum
823 2518 973 2602 Τρυγιίοη
990 2525 1182 2583 scribendum.
1205 2527 1286 2602 qnod
1300 2528 1374 2584 enim

121 2671 124 2678 .
212 2622 290 2698 apud
305 2621 427 2680 eundern
442 2622 613 2696 Hesychium
629 2623 746 2698 legitur:
771 2619 895 2702 Τράγη·
916 2621 1116 2702 πεπληγμίνη,
1138 2631 1305 2702 πεπηγυῖα,
1321 2645 1374 2704 pro

167 2769 171 2774 .
212 2742 247 2780 eo
267 2725 366 2781 nescio
387 2741 424 2780 an
450 2715 597 2799 Τραγανή
623 2733 652 2780 et
672 2721 845 2801 πεπηγμίνρ
871 2725 958 2782 scribi
985 2725 1103 2794 debeat,
1131 2727 1375 2801 quemadmodum

212 2822 270 2878 alio
291 2823 355 2878 loco
376 2825 443 2880 item
465 2823 544 2899 apud
565 2823 739 2896 Hesychiurn
759 2825 864 2882 hahes:
884 2820 1030 2900 Χονιλρὸς
1049 2820 1216 2902 τραγανός·
1238 2817 1375 2894 edumei

212 2915 280 2990 ἄλίξ
295 2921 407 2998 (alica),
429 2912 448 2996 ἢ
470 2917 570 2995 παχὺς
590 2914 609 2996 ἢ
629 2918 744 2997 μωρός.
766 2927 881 2982 omnino
902 2924 1044 3002 quidquid
1065 2925 1103 2982 ad
1126 2927 1261 2986 duritiem
1284 2945 1376 3004 quan·

212 3020 277 3077 darn
300 3023 507 3081 condensatum
528 3031 587 3090 est,
614 3023 780 3100 appellatur
798 3007 964 3102 rpupuvdr.
985 3045 1048 3082 cum
1070 3024 1175 3084 duritie
1195 3036 1295 3086 antem
1315 3028 1378 3087 sere

211 3121 364 3179 coniuncta
389 3131 433 3180 est
459 3121 604 3180 sterilitas.
630 3122 696 3178 hinc
721 3125 842 3201 τρυγᾶν
868 3125 1012 3200 Hesychio
1037 3135 1111 3184 teste
1131 3127 1209 3184 idem
1230 3129 1379 3206 estquod

210 3214 373 3298 ἀκαρπεῖν,
400 3223 515 3299 ipsique
543 3223 584 3279 illi
606 3222 818 3282 Troadensium
840 3226 905 3283 loco
924 3245 983 3283 non
1003 3245 1021 3283 a
1041 3227 1176 3302 Tragaso
1196 3227 1303 3297 heroe,
1332 3231 1381 3306 qni

209 3321 325 3378 fictitius
346 3331 400 3389 est,
421 3323 474 3380 sed
495 3341 512 3379 a
533 3323 586 3380 soli
609 3323 712 3380 duritie
733 3334 762 3382 et
781 3326 932 3383 sterilitate
948 3345 1050 3385 nomen
1067 3327 1188 3384 inditum
1204 3337 1263 3385 est.
1280 3331 1380 3386 omnis

211 3423 288 3480 enim
308 3423 402 3490 locus,
428 3424 455 3478 in
478 3441 535 3498 quo
557 3425 698 3501 reperitur
718 3425 776 3494 sal,
800 3426 907 3484 sterilis
934 3435 978 3484 est
999 3427 1127 3504 nihilque
1148 3428 1258 3504 gignit,
1285 3439 1317 3486 ut
1338 3441 1381 3487 est

211 3522 290 3600 apud
311 3523 435 3580 Plinium
457 3524 523 3580 ΝΗ.
545 3527 592 3592 31,
611 3529 639 3582 7.
