2888 5084
612 202 661 276 89

59 378 111 450 ὅτι
141 371 238 451 οὗτοι
260 381 439 452 ἐκαλοῦντο
458 377 607 474 Ἐορόοί,
637 380 773 471 ὕστερον
796 383 834 451 δὲ
854 383 1015 471 Λέλεγες.
1059 382 1092 453 oi
1120 381 1216 456 αὐτοί
1241 461 1243 466 ,

56 500 112 567 ναί
144 501 335 590 Κένταυροι
364 500 421 569 καί
444 497 731 590 ιἱπποκένταυροι.
774 501 831 568 καί
858 502 919 590 τὴν
950 499 1052 572 πόλιν
1077 500 1214 597 Ἀμυρτ-

56 615 116 710 miv
137 620 246 688 καλεῖ.
804 616 808 624 ’

136 735 359 828 Ἀμφαναί,
389 734 491 818 πόλις
511 734 658 828 Δωρική.
698 734 873 818 Ἑκαταῖος
900 735 935 806 ἒν
961 736 1078 832 πρώτῃ
1100 767 1214 831 γενεα-

58 857 193 944 λογιῶν.
246 851 452 955 βιόπομπος
483 853 696 949 Ἀμφαναίαν
733 851 836 944 σίντην
870 858 967 924 καλεῖ
998 855 1034 927 iv
1069 861 1239 952 πίμπτφε

63 976 293 1042 Φιλιππικῶν.
327 972 398 1044 ἔστι
417 977 474 1044 καί
485 975 607 1065 χωρίον
625 972 809 1054 Θετταλίας
824 969 992 1056 ὡσαύτως.
1022 977 1060 1045 τό
1076 975 1215 1052 ἐθνινόν

53 1092 263 1183 Ἀμφοναῖος
284 1094 342 1172 καὶ
356 1090 596 1185 Ἀμφαναιεάς.

135 1209 373 1303 Ἀμφάξιον.
407 1208 469 1280 δύο
484 1212 568 1302 μέρη
587 1209 699 1303 λόγου.
732 1207 845 1293 πόλις.
877 1211 1213 1310 τόίξαίποῦἈμφ-

59 1326 181 1418 αξίτης.
218 1327 377 1421 Στράβων
397 1327 538 1420 ἑβδόμη.

132 1442 331 1539 Ἄμφεια,
366 1446 470 1530 πόλις
502 1446 693 1541 Μεσσήνης.
741 1447 940 1530 Παυσανίας
974 1448 1129 1542 τετάρτην.
1172 1455 1211 1527 τὸ
1226 1490 1253 1531 10

19 1617 20 1622 κ
59 1563 198 1636 ίθνινόν
212 1563 373 1656 Ἀμφεάς.
409 1570 467 1636 καί
488 1564 507 1636 ό
529 1566 635 1650 τόπος
655 1570 719 1661 γὰρ
736 1565 871 1658 Ἀρκάς,
893 1563 939 1650 τίς
959 1571 999 1641 τό
1018 1568 1190 1660 Ἡραιεύς.

137 1683 422 1776 Ἀμφιγένεια,
439 1683 542 1766 πόλις
555 1683 788 1775 Μεσσηνιακὴ.
819 1685 979 1778 Στράβων
994 1685 1110 1779 ὀγδόῃ.
1142 1687 1215 1759 ἔστι

61 1806 99 1874 δὲ
124 1804 211 1872 κατά
238 1806 300 1890 μὲν
322 1801 584 1894 Ἀπολλόδωρον
609 1807 669 1893 τῆς
695 1805 906 1889 Μακιστίας,
936 1808 1019 1876 κατὰ
1048 1808 1086 1876 δὲ
1106 1803 1215 1877 Ἀντί-

58 1951 163 2010 μαχον
184 1928 246 2013 τῆς
265 1921 473 2012 Μεσσηνίας.
518 1921 585 2012 ἔχει
608 1924 646 1992 δὲ
669 1919 688 2014 ἦ
712 1921 816 2005 πόλις
835 1930 974 2014 Λητοῦς
996 1920 1100 2016 ἱερόν·
1131 1926 1217 2016 φασί

58 2048 118 2137 γάρ
152 2043 208 2113 ότι
241 2043 310 2112 ἐκεῖ
340 2044 610 2132 παραγενομένην
638 2041 745 2131 Λητώ
779 2050 885 2114 τεκεῖν
915 2045 974 2114 τόν
1003 2037 1213 2115 Ἀπόλλωνα.
1228 2081 1252 2122 1⁵

59 2165 238 2241 Μενέλαος
267 2161 307 2230 δέ
336 2185 421 2252 φησι
449 2163 505 2231 καί
529 2159 764 2252 Ἀμφιγένειαν
795 2161 966 2254 εἰρῆσθαι.
1007 2165 1048 2233 τό
1078 2161 1216 2234 ίθνικόν

54 2275 331 2375 Ἀμφιγενειάτης
366 2280 424 2349 διὰ
457 2283 516 2351 τόν
549 2279 827 2372 Πελοποννήσιον
858 2287 1067 2375 χαρακτῆρα,
1104 2280 1126 2374 ἢ
1158 2285 1216 2354 καί

55 2398 285 2496 Ἀμφιγενεύς.
423 2395 429 2410 ’

134 2516 404 2610 Ἀμφίδολοι,
439 2517 542 2600 πόλις
573 2522 633 2609 τῆς
669 2517 867 2609 Τριφυλίας.
916 2521 974 2588 ναί
1007 2519 1040 2590 oi
1076 2523 1216 2592 πολῖται

58 2729 260 2742 ——a

59 2860 84 2915 1.
103 2839 190 2914 οὗτοι
214 2846 377 2933 [πρότερον
395 2851 464 2930 μίν]
485 2850 671 2914 ίκαλοῦντολ
756 2857 784 2909 6.
808 2850 991 2928 Θετταλίας]
1013 2855 1079 2912 Νοο
1102 2855 1216 2916 diversa

60 2949 171 3006 videtur
191 2967 209 3004 a
229 2949 379 3026 superiore
400 2969 484 3025 quam
504 2950 639 3006 Doricam
661 2945 740 3002 dicit.
837 2938 1031 3015 ιόσαάτωςλλ
1057 2969 1119 3006 cum
1143 2948 1215 3009 Θιτ·

59 3037 167 3108 ταλίας
193 3039 355 3114 coniungit,
382 3060 445 3097 cum
470 3041 604 3118 sequenti
627 3032 662 3096 τό
689 3033 812 3096 ίθνικόν
836 3039 897 3096 AV.
924 3040 1019 3096 malim
1044 3034 1086 3109 ὡς
1111 3035 1214 3112 αὐτός,

60 3135 136 3211 quod
157 3133 267 3191 centies
287 3133 462 3211 epitomator
479 3135 594 3212 scripsit
614 3151 667 3210 pro
687 3124 703 3189 ὃ
725 3123 827 3200 οὗτός.
857 3172 861 3180 -
918 3135 946 3188 8.
961 3124 1133 3210 Ἀμφόξιον
1151 3136 1215 3204 RV,

59 3233 136 3322 ἀμφ’
152 3235 255 3309 Ἄξιον
274 3243 309 3299 Α.
387 3234 475 3310 πόλις
487 3243 524 3311 V,
544 3218 584 3299 πό
598 3243 633 3310 R,
653 3235 794 3316 ποταμός
812 3244 845 3298 Α.
867 3257 982 3296 numum
996 3237 1216 3298 Macedonicum

58 3355 120 3392 tum
142 3334 304 3413 epigraphe
317 3327 498 3414 Ἀμφαξίων
516 3333 655 3400 habemus
676 3333 755 3412 apud
774 3333 942 3410 Eckhelium
962 3332 1028 3388 DN.
1044 3336 1070 3400 1,
1086 3336 1105 3390 2
1124 3352 1155 3409 p.
1167 3337 1215 3392 65.

58 3435 84 3488 9.
99 3419 234 3504 ἑβδόμη]
256 3445 286 3503 p.
298 3429 365 3485 330.
387 3430 435 3485 ubi
449 3419 687 3504 εεῑἈμφαξῖτις
705 3423 754 3501 γῆ.
833 3432 880 3484 10.
900 3415 1074 3500 Μεσσήνης
1094 3426 1130 3495 V,
1149 3423 1215 3484 Me·

57 3515 153 3596 σήνης
173 3519 235 3576 AR.
325 3513 477 3598 τετάρτην]
498 3523 527 3588 5,
546 3521 574 3576 8.
665 3522 711 3576 11.
726 3510 888 3596 Ἀμφειεός
907 3518 945 3575 H.
1039 3521 1086 3576 12.
1108 3510 1214 3596 όγιλόῃ]

57 3631 86 3690 p.
100 3611 171 3668 349.
271 3614 319 3668 13.
338 3607 388 3666 κοιλ
408 3630 461 3688 pro
482 3605 516 3668 δὲ
533 3611 571 3668 R.
668 3606 852 3678 Μακιστίας
867 3611 932 3678 RV,
952 3605 1135 3678 Μαστικίας
1154 3615 1188 3669 Λ.

57 3699 138 3760 κατὰ
160 3697 196 3759 δι’
215 3701 279 3770 RV,
300 3697 380 3760 κατὰ
401 3697 435 3760 δὲ
454 3696 508 3762 τὸν
527 3703 560 3760 Α.
642 3693 722 3776 14.ἦ
742 3695 829 3769 πόλις
847 3695 867 3778 ἢ
887 3703 951 3760 RV.
1030 3705 1077 3761 15.
1093 3691 1139 3760 ότι
1160 3722 1215 3762 om.

57 3795 123 3852 BH.
149 3785 199 3852 ὅτι
220 3802 360 3870 sequente
380 3796 542 3854 accusativo
562 3803 591 3852 et
615 3791 752 3850 infinitivo
777 3803 876 3851 nostro
901 3793 1043 3852 familiare
1068 3804 1127 3864 est;
1153 3795 1217 3854 vide

57 3909 81 3946 ι.
93 3907 120 3944 τ.
134 3879 271 3952 Ἀνάνου,
285 3877 404 3960 Ἄρειος
415 3881 521 3964 πάγος,
536 3881 665 3952 Γάλλος,
681 3883 711 3942 Γ
707 3879 910 3952 υναικόπολις,
927 3884 957 3943 Γ
954 3881 1018 3954 lia,
1031 3877 1216 3961 Διομήδειά,

61 3971 228 4050 Τοπιίζνον,
252 3975 440 4055 Τρεμιθοῦς.
460 3979 499 4037 cf.
519 3979 694 4062 wesseling.
716 3977 755 4034 ad
773 3977 860 4035 Diod.
881 3978 941 4037 Sic.
955 3979 984 4047 4,
996 3983 1043 4036 26.
1121 3999 1218 4055 παρα·

57 4067 202 4150 γινομένη
224 4069 261 4126 Χ.
357 4064 460 4144 Λητὼ
479 4073 575 4128 τικιῖν
594 4069 655 4137 AV,
680 4073 856 4128 κατατεκεῖν
875 4071 912 4127 R.
1016 4075 1062 4128 16.
1078 4065 1217 4150 Ἀμφιγί·

57 4183 135 4222 recor
155 4163 260 4242 PpRV
284 4172 314 4220 et
339 4161 470 4220 Eustath.
496 4162 534 4220 ad
556 4163 639 4220 Hom.
660 4182 690 4239 p.
711 4167 782 4231 297,
802 4162 854 4230 24,
875 4155 1087 4240 Ἀμφιγένειαν
1106 4165 1140 4220 Α.

59 4261 103 4316 17.
126 4257 190 4314 τῶν
210 4251 472 4329 Πελοποννησίων
491 4253 554 4312 RV.
658 4258 704 4313 19.
729 4251 911 4332 Τραφυλίας
930 4255 967 4314 V.
