2902 5070
748 263 824 337 250

207 454 273 516 τῶν
299 442 486 534 ἐπιχωρίων
513 442 604 521 τινός
633 438 820 531 η’κσύσαμεν
849 435 910 520 ὦς,
944 438 1085 529 ἐπείπερ
1114 436 1273 510 ἐτύπτετο
1302 445 1365 526 μὲν

208 565 262 654 [τό
291 561 441 652 χαλκίον]
472 558 542 632 ύπδ
572 557 735 647 μάστιγος
761 553 836 647 ἤχει
867 554 900 626 δ’
931 557 990 625 ἐπί
1017 557 1125 626 πολύν
1151 555 1284 648 χρόνον,
1317 556 1365 644 ὡς

205 680 374 772 χειμερίου
402 685 461 770 τῆς
487 676 656 766 Δωδώνης
681 671 908 764 ύπαρχοόσης,
938 671 1073 756 εἰκότως
1101 673 1149 756 είς
1175 676 1365 765 παροιμίαν

208 795 455 891 περιιμίνετο”.
499 797 665 884 μέμνηται
689 789 792 882 αὐτῆς
812 794 1010 882 Μένανδρος
1031 793 1066 862 ἐν
1081 789 1277 884 Ἀρρηφόρῳ

183 943 196 981 ι
358 915 417 987 ἐὰν
439 917 478 986 δὲ
498 910 617 1003 κινήσῃ
637 909 742 996 μόνον
761 911 821 1001 τὴν
843 909 1017 1001 Μυρτίλην

357 1031 479 1123 ταύτην
498 1031 559 1113 τίς,
583 1027 604 1120 ἢ
624 1029 744 1119 τίτθην
765 1031 861 1120 καλῇ,
883 1031 988 1120 πέρας
1012 1026 1084 1118 [ού]
1107 1037 1202 1098 ποιεῖ

360 1154 497 1232 λαλιᾶς·
524 1151 564 1219 τὸ
586 1152 791 1218 Δωδωναῖον
813 1142 854 1215 όν
875 1175 926 1229 τις
944 1147 1090 1232 χαλκίον,

362 1263 382 1337 ίί
404 1270 556 1358 λέγουσιν
577 1265 680 1357 ἠχεῖν,
709 1263 750 1334 δν
771 1263 953 1359 παράστηθ’
977 1263 997 1335 ὁ
1020 1265 1163 1358 παριιύν,

1091 1381 1111 1409 Ἃ

359 1388 419 1476 τὴν
439 1384 567 1477 ἡμέραν
589 1384 677 1474 ὅλην,
697 1382 918 1454 καταπαύσαι
939 1389 1068 1454 θᾶττον
1089 1413 1109 1474 η

174 1543 199 1582 10
359 1503 481 1594 ταύτην
503 1506 686 1573 λαλοῦσαν·
709 1500 810 1570 νύκτα
831 1501 893 1591 γάρ
913 1501 1178 1592 προσλαμβάνει.

296 1630 329 1693 Δ
334 1629 559 1708 ωντττῖνσι,
578 1621 681 1704 ἔθνος
695 1618 926 1691 Μολοσσικόν.
955 1618 1085 1702 Ῥιανός
1102 1619 1133 1691 δ’
1150 1625 1365 1692 Θεσσαλικῶν

211 1740 341 1838 «αὐτὰρ
357 1747 559 1812 Δωνεττῖνοι
581 1739 627 1810 ἰδ’
646 1739 779 1832 ὀτρηροί
794 1724 992 1832 Κεραῗνες”.
1027 1740 1084 1808 καί
1100 1737 1136 1809 ιἰν
1149 1747 1191 1832 τῇ
1206 1738 1233 1825 ζ’
1253 1741 1363 1835 αίιπτοὶ

209 1861 249 1932 δδ
270 1867 484 1943 Δωντττῖνοι,
509 1857 593 1951 άτδρ
616 1857 818 1932 δυοκαίδεκα
843 1854 992 1948 Κᾶρις”.

296 1984 430 2070 Δῶρα,
454 1983 554 2068 νῆσος
576 1979 611 2048 ίν
631 1981 680 2066 τῷ
697 1981 855 2068 Περσικῷ
876 1974 1003 2065 κόλπῳ,
1025 1977 1121 2045 καθά
1138 1974 1297 2067 Στράβων
1319 1975 1363 2062 ις’

210 2171 411 2183 -ιι-

211 2278 267 2354 τῆς
291 2273 507 2364 μάστιγοςὸ,
539 2276 596 2354 [έτι
625 2277 719 2356 μένει]
751 2273 770 2357 ἡ
798 2275 879 2357 λαβὴ
910 2281 965 2356 τῆς
994 2273 1145 2358 μάστιγος
1175 2279 1363 2338 Schubartue.

210 2375 238 2429 2.
258 2365 295 2429 τδ
316 2367 445 2446 χαλκίον
469 2373 538 2431 add.
558 2375 598 2432 M.
648 2421 649 2424 .
729 2363 794 2450 ἤχει
815 2374 953 2451 epitome,
979 2365 1050 2449 ἠχεῖ
1064 2373 1097 2430 S.
1118 2381 1244 2430 ceterum
1264 2373 1365 2430 mirum

210 2463 302 2521 videri
321 2472 431 2542 potest,
455 2465 564 2523 nullum
589 2485 688 2524 eorum
708 2483 781 2542 quoe
802 2465 967 2542 Stephanus
988 2464 1073 2523 affert
1092 2467 1262 2544 scriptorum
1285 2483 1363 2522 eom-

210 2573 386 2616 memorasse
416 2557 481 2615 illoe
512 2557 665 2616 Dodonaei
697 2559 771 2616 aeris
802 2577 888 2614 sonos
918 2577 983 2614 cum
1013 2557 1195 2615 sacerdotum
1226 2559 1364 2616 vaticiniis

210 2648 303 2716 fuisse
323 2650 505 2719 coniunctos,
532 2669 617 2727 quam
642 2650 681 2708 ad
706 2669 765 2708 rem
786 2670 844 2708 non
863 2651 982 2727 indigna
1002 2659 1067 2706 sunt
1088 2669 1163 2726 quae
1183 2660 1366 2729 apponantur

210 2744 298 2799 verba
319 2741 443 2800 Cosmae
462 2744 491 2800 in
511 2745 581 2800 Maii
601 2743 681 2820 Spic.
694 2745 778 2800 Rom.
794 2742 849 2800 vol.
863 2747 892 2799 2.
913 2763 942 2820 p.
956 2745 1025 2800 172:
1047 2733 1176 2812 ἀνδριάς
1194 2733 1242 2820 ἐφ’
1263 2731 1366 2815 ύιμους

209 2851 256 2900 τις
277 2825 407 2907 εἱστήκει
425 2827 591 2907 βαστάζων
610 2827 729 2912 ῥάβδον
748 2833 799 2894 καί
820 2829 891 2912 παρ’
908 2827 1004 2891 αὐτόν
1019 2830 1130 2900 ίστατο
1146 2827 1247 2908 λέβης.
1268 2827 1297 2889 οί
1311 2817 1366 2889 υίνν

209 2917 428 2998 μαντευόμενοι
449 2918 579 3002 ἤρχοντο
600 2923 679 2984 κατὰ
700 2923 754 2985 τὸν
772 2922 867 2986 τόπον
885 2926 996 2984 τοῦτον
1016 2921 1067 2982 καί
1081 2916 1223 2998 ηὔχοντο.
1244 2913 1294 2980 ὅτε
1311 2911 1367 2981 οὖν
1426 2986 1428 2990 ,

210 3007 317 3091 ἤθελε,
344 3012 440 3094 φησίν
465 3014 620 3095 (paam),
645 3013 662 3077 ὃ
687 3015 763 3086 θεὸς
783 3015 1026 3097 χρησμῳδῆσαι,
1058 3011 1073 3074 ὃ
1100 3009 1229 3092 ἀνδριὰς
1255 3011 1366 3083 ίκεῖνος

210 3101 295 3166 ἔπαιε
314 3107 354 3186 τῇ
373 3100 482 3188 ῥάβδῳ
502 3103 556 3166 τὸν
575 3104 699 3184 λέβητα,
721 3101 786 3166 είτα
806 3103 871 3184 ἤχει
891 3102 907 3166 ὁ
924 3105 1024 3184 λέβης,
1046 3104 1096 3166 καί
1117 3105 1149 3166 ἔκ
1168 3105 1225 3164 τού
1238 3101 1367 3183 λέβητος

209 3186 285 3276 ἦχός
303 3218 350 3267 τις
370 3193 541 3258 άπετελεῖτο
562 3192 749 3278 ἐναρμόνιος,
771 3197 821 3257 καί
842 3197 1043 3278 ἐνεφοροῦντο
1064 3195 1097 3257 αί
1111 3191 1300 3278 προφήτιδες
1315 3195 1366 3256 καί

210 3284 312 3368 ίλεχον
334 3283 355 3348 ἃ
381 3285 490 3372 αύταῖς
514 3285 530 3350 ὁ
557 3289 678 3368 δαίμων
702 3289 851 3367 ἐνέβαλεν.
884 3310 959 3368 quae
990 3311 1049 3350 non
1075 3300 1182 3350 temere
1207 3289 1275 3348 ficta
1299 3309 1365 3349 eene

210 3384 298 3442 docet
324 3385 374 3460 qui
397 3383 550 3441 Dodonaei
576 3386 685 3443 oraculi
710 3385 856 3444 desectum
882 3386 929 3446 hie,
953 3385 1047 3442 verbis
1072 3383 1181 3440 indicat
1206 3381 1366 3458 Gregorius

209 3475 411 3533 Nazianzenus
432 3475 485 3534 Or.
505 3476 525 3533 4
544 3497 575 3554 p.
596 3482 653 3536 127
673 3498 697 3534 c.
721 3471 821 3534 ούκέτι
841 3471 933 3551 λέβης
950 3468 1143 3551 μαντεύεται.
1221 3477 1251 3533 4.
1272 3491 1366 3552 περιε·

208 3559 309 3640 γένετο
330 3567 566 3624 Schneidewinue
586 3569 683 3626 Praef.
704 3569 837 3627 Paroern.
857 3589 887 3647 p.
900 3570 947 3637 14,
966 3564 1145 3645 παρεγένετο
1167 3568 1199 3626 S.
1221 3567 1260 3624 ef.
1275 3567 1366 3623 schol.

210 3657 285 3714 Ven.
305 3656 338 3713 ΙΙ.
359 3663 387 3726 2,
408 3663 479 3717 697ι
507 3655 549 3727 εἰς
568 3657 738 3738 παροιμίαν
756 3661 901 3738 παρῆλθε
920 3656 956 3720 τὸ
970 3653 1151 3737 Ἀντριύνιος
1171 3651 1251 3727 ὄνος.
1272 3667 1302 3716 at
1320 3658 1367 3714 hie

210 3748 296 3806 etiam
322 3749 470 3826 περιῆλθε
493 3752 687 3810 scribendum.
815 3757 843 3810 6.
869 3745 907 3829 ἢν
930 3750 1043 3827 τίτθην
1067 3752 1157 3810 καλεῖ
1177 3752 1209 3810 S.
1244 3751 1367 3810 correxit

210 3841 370 3899 Bentleius.
457 3837 493 3901 ού
514 3843 583 3901 add.
603 3844 764 3903 Bentleius.
851 3849 880 3902 7.
901 3843 1086 3903 Δωδωνεῖον
1104 3845 1138 3905 S.
1226 3850 1255 3902 9.
1276 3861 1367 3900 κατα-

210 3931 329 3989 παῦσαι
349 3933 380 3990 S.
496 3939 543 3992 11.
566 3927 712 3992 άνεττΐνοι
734 3938 770 3994 V.
889 3942 934 3996 12.
957 3932 1037 4015 άτδρ
1058 3941 1093 3996 V.
1201 3929 1250 4011 ἧδ’
1273 3934 1310 3992 V.

200 4025 316 4081 1213.
337 4021 389 4079 καί
408 4022 440 4082 έν
459 4059 499 4068 -
517 4025 623 4102 Κᾶρες
642 4025 711 4084 add.
732 4029 765 4086 S.
854 4032 900 4087 13.
924 4026 1110 4088 δυοκαίδεκα
1129 4028 1367 4094 Ὲιὶεδειιιιιιιιιυι,

212 4107 292 4173 όκτιά
318 4111 371 4171 καλ
396 4111 470 4173 δέκα
490 4119 523 4174 S.
550 4119 589 4176 cf.
611 4118 706 4177 λιιιιίί.
727 4119 810 4178 Alex.
831 4139 861 4197 p.
882 4124 948 4180 189.
1066 4121 1113 4180 14.
1133 4119 1246 4196 Δῶρα]
1271 4119 1317 4176 Ex
1335 4118 1367 4175 S.

210 4208 337 4283 epitome
356 4225 415 4262 non
436 4208 491 4262 nisi
511 4207 584 4266 haec
602 4211 703 4269 habet:
723 4209 838 4288 Δῶρα,
860 4210 954 4285 νῆσος
974 4209 1007 4271 έν
1024 4213 1069 4293 τῷ
1088 4210 1235 4290 Περσικῷ
1255 4203 1367 4288 κόλπῳ.

212 4291 365 4375 Στράβων
385 4291 419 4353 ιί.
441 4290 457 4354 ό
479 4290 631 4374 νησιώτης
648 4299 808 4376 Δωρίτας,
831 4301 857 4360 τί
876 4301 911 4362 δέ
929 4304 975 4384 τῷ
994 4304 1049 4381 τῆς
1065 4297 1173 4383 χώρας
1191 4294 1278 4381 τύπῳ
1299 4297 1366 4359 Δω-

211 4383 303 4465 ρηνός
322 4383 364 4456 ὡς
378 4378 554 4462 Ἀραξηνός·
645 4386 697 4464 ις’]
719 4414 748 4471 p.
769 4397 836 4454 767.
858 4391 924 4454 AS
946 4405 974 4454 et
995 4398 1064 4474 epit.
