2888 5070
611 287 686 364 333

150 465 299 557 Ἰξίαι,Ι
323 473 574 560 πληθυντικῶς,
595 465 722 562 Ιχωρίον
743 461 801 560 τῆς
823 463 943 539 Ῥόδου
965 467 1037 540 dno*
1063 465 1155 550 Ἰξοῦ
1176 470 1229 537 λι-

65 595 179 678 μένος.
223 592 281 660 καὶ
298 585 409 672 ’Ἰξιος
431 585 622 673 Ἀπόλλων,
652 584 698 670 ιῦς
722 586 965 682 Ἀρτεμίδωρος
992 585 1119 677 δεκάτῳ
1145 613 1228 677 γεω-

70 712 320 804 γραφουμένων.

151 827 185 898 Ἰ
189 826 294 911 ξιάς,
317 825 419 908 πόλις
439 823 613 917 Οἰνώτρων
635 828 670 898 ἐν
689 827 859 919 μεσογείᾳ.
889 824 1065 907 Ἑκαταῖος
1079 823 1228 917 Εὐρώπῃ

74 949 136 1042 «έν
158 949 196 1017 δέ
213 944 325 1030 Ἰξιδς
344 942 457 1028 πόλις,
481 946 516 1014 έν
538 946 576 1014 δὲ
597 943 766 1035 Μινικίνη
787 941 927 1027 πόλις”.
1241 971 1254 1010 ι

151 1062 371 1152 Ἰξιβάτσι,
396 1061 498 1145 ἔθνος
519 1064 607 1153 πρός
628 1068 676 1153 τῷ
697 1061 820 1154 Πόντῳ
841 1064 1002 1154 προσεχὲς
1022 1067 1065 1155 τῇ
1078 1065 1230 1153 Σινδικῇ.

67 1182 244 1266 Ἑκαταῖος
263 1180 373 1276 Ἀσίᾳ.

151 1299 303 1372 Ἰόνιον
319 1302 514 1392 πέλαγος,
529 1303 569 1372 τὸ
588 1303 667 1393 περί
678 1303 740 1392 τὴν
755 1299 915 1383 Ἰταλίαν,
931 1299 1018 1390 [άπὸ
1034 1303 1094 1390 τῆς
1109 1295 1230 1390 Ἰοῦς],

71 1417 244 1506 Αἰσχύλος
263 1427 447 1510 Προμηθεῖ
465 1418 630 1512 δεσμώτῃ.
668 1419 702 1490 ol
723 1425 762 1493 dd
783 1417 854 1491 άπδ
873 1417 999 1490 Ἰονίου
1017 1417 1187 1510 Ἰλλυριοῦ
1208 1415 1230 1508 ἢ

69 1537 142 1609 ’άπὸ
155 1535 271 1620 Ἰονος
282 1536 430 1608 Ἰταλοῦ.
463 1541 613 1610 ἐκαλεῖτο
631 1539 670 1610 δέ
685 1540 743 1608 καὶ
757 1538 894 1631 Ἀδρίας
911 1537 930 1609 ὁ
949 1536 1075 1620 Ἰόνιος
1089 1536 1228 1620 κόλπος.
1242 1577 1270 1617 10

73 1662 160 1750 [καὶ]
182 1659 222 1730 τδ
245 1656 316 1730 άπὸ
332 1657 444 1748 Γάζης
463 1660 579 1748 μέχρις
593 1654 785 1747 Αίγῦπτου.
815 1656 918 1747 Ἰόνη
939 1659 1001 1749 γάρ
1024 1658 1080 1726 καί
1097 1654 1119 1748 ἦ
1134 1656 1230 1741 Γάζα

71 1780 221 1848 ἐκαλεῖτο
245 1774 316 1848 άπὸ
335 1775 436 1860 Ἰοῦς,
457 1782 540 1863 βοῦν
562 1775 684 1861 ἔχουσα
707 1777 851 1868 πλησίον
872 1778 908 1846 έν
928 1780 970 1867 τῇ
992 1773 1106 1844 ιίκόνι.

155 1893 191 1966 Ἰ
194 1893 290 1985 όπη,
318 1894 421 1978 πόλις
446 1893 605 1984 Φοινίκης
626 1894 771 1986 πλησίον
788 1894 942 1984 Ἰαμνίας
964 1891 1011 1976 ὡς
1034 1893 1163 1978 Φίλων,
1184 1893 1231 1978 ὥς

72 2020 111 2088 δὲ
133 2013 315 2097 Διονῦσιος
335 2011 576 2105 Παλαιστίνης.
626 2015 767 2106 Φοινίκη
794 2016 859 2106 γάρ
885 2016 943 2084 καὶ
962 2012 982 2105 ἦ
1006 2013 1230 2105 Παλαιστίνη.

72 2134 202 2226 ἐκλήθη
231 2135 270 2206 δὲ
295 2131 366 2205 dno*
390 2131 510 2225 Ἰόπης
535 2138 594 2228 τῆς
616 2131 754 2204 Αίόλου
780 2130 963 2225 θυγατρός,
990 2139 1050 2225 τῆς
1075 2135 1231 2223 γυναικὸς
1243 2173 1270 2213 2⁵

74 2256 221 2345 Κηφέως
240 2258 300 2323 τοῦ
320 2251 494 2335 κτίσαντος
509 2253 566 2322 καί
580 2249 852 2339 βασιλεύσαντος,
873 2257 935 2322 τοῦ
950 2254 1231 2344 καταστορισῦέν-

71 2399 140 2455 τος,
163 2364 204 2442 οῦ
224 2375 296 2444 ἐστι
317 2371 397 2462 γυνη
413 2372 642 2441 Κασσιέπεια.
676 2369 876 2462 ολἛλληνες
893 2376 1002 2454 κακῶς
1020 2397 1137 2465 φασιν.
1171 2369 1229 2464 ἀφ’

73 2483 115 2562 οῦ
135 2499 293 2585 Κηφῆνες
316 2487 350 2562 oi
367 2487 558 2572 Αἰθίοπες.
592 2486 665 2559 ἔστι
686 2491 743 2559 καί
768 2489 958 2572 Θεσσαλίας
980 2485 1076 2580 άλλη.
1108 2494 1147 2562 τό
1168 2493 1231 2562 έδ-

73 2785 255 2866 Stephanum
275 2785 382 2844 dixisse
403 2785 513 2864 aliquid
538 2785 577 2844 de
600 2785 695 2844 somna
716 2777 856 2852 Ἰνόκιος,
885 2785 1126 2862 quemadmodum
1151 2785 1232 2864 apud

72 2878 208 2936 Photium
229 2878 345 2954 legitur:
361 2870 486 2946 Ἰνόκιος
506 2868 596 2946 σίνος.
615 2871 702 2956 ἧδός.
722 2871 840 2944 Ἴνυκος
855 2873 889 2934 δὲ
901 2867 1106 2953 πολισμάτιον
1119 2876 1232 2936 Σικελι·

73 2965 132 3028 κόν
151 2966 184 3028 έν
202 2953 228 3050 ᾧ
246 2964 359 3047 γίνεται
379 2961 460 3038 σίνος
480 2963 651 3038 κάλλιστος.
727 2962 870 3038 Ἰνυκΐνος
889 2970 999 3051 PpRV,
1015 2965 1177 3040 Ἰνυκτΐνος
1196 2975 1230 3030 Α.

72 3065 102 3120 6.
120 3056 285 3138 Ἰξιβάται]
313 3062 350 3121 V.
370 3054 500 3122 Boeokln.
522 3062 612 3140 Corp.
633 3065 722 3123 lusor.
747 3064 805 3122 vol.
826 3067 844 3121 2
868 3084 900 3143 p.
920 3065 987 3124 405.
1105 3062 1232 3144 Σινδικῇ

76 3155 208 3225 Vossius,
225 3149 337 3234 Ἰνδικῇ
356 3156 430 3214 libri.
528 3159 557 3214 8.
577 3150 664 3231 παρὰ
684 3156 721 3215 R.
809 3148 870 3212 ιλπδ
891 3155 947 3232 τῆς
963 3147 1041 3225 Ἰοῦς
1060 3157 1128 3215 add.
1149 3157 1177 3214 H
1197 3175 1233 3216 ex

76 3247 209 3307 Euslath.
230 3249 269 3306 ad
288 3250 374 3308 Dion.
386 3250 434 3309 94.
512 3253 541 3309 9.
557 3244 731 3324 Προμηθεῖ
746 3239 902 3324 δεσμώτῃ]
924 3266 965 3306 vs.
977 3250 1043 3308 olo.
1118 3241 1235 3316 Ἰονίως

74 3361 129 3419 pro
145 3334 252 3399 Ἰονίου
273 3341 364 3400 schol.
377 3341 466 3400 Dion.
484 3342 551 3402 Per.
565 3342 613 3402 94.
631 3334 739 3397 Ἰονίου
759 3350 856 3398 tuetur
874 3341 999 3400 Tzetzes
1019 3339 1058 3399 ad
1077 3342 1149 3416 Lyo.
1166 3344 1232 3399 631.

74 3433 167 3492 schol.
187 3433 272 3493 Pind.
291 3433 417 3510 Pytha,
433 3439 499 3494 120.
520 3433 611 3492 schol.
633 3433 729 3510 Apoll.
750 3432 807 3490 Ru.
821 3433 850 3501 4,
863 3437 930 3492 308.
951 3452 987 3491 ex
1008 3437 1111 3510 quibus
1132 3434 1234 3492 Theo·

73 3527 176 3606 pompi
196 3527 361 3604 opinionem
382 3545 400 3584 a
419 3526 570 3604 Stephano
591 3524 674 3583 reddi
696 3524 871 3602 intelligitur.
981 3533 1028 3586 10.
1046 3521 1163 3596 Ἰάονας
1181 3547 1235 3607 pro

66 3613 167 3688 Ἰονος
184 3619 353 3678 Eustalhius
374 3629 403 3678 et
424 3619 515 3677 schol.
534 3616 621 3674 Dion.
642 3617 661 3674 l.
674 3618 693 3674 l.
772 3622 819 3675 11.
839 3614 890 3675 καί
912 3638 967 3678 om.
988 3621 1062 3680 libri.
1084 3622 1235 3701 operosius

73 3712 231 3790 supplebat
250 3711 425 3770 Salmasius:
453 3707 532 3792 φασί
558 3705 592 3768 δέ
612 3707 663 3768 καί
683 3705 718 3768 τό
741 3702 802 3767 dul
823 3703 924 3786 Γάζης
942 3708 1049 3792 μέχρις
1072 3707 1236 3792 Αίγόπτου

72 3800 205 3884 πέλαγος
237 3797 342 3882 Ἰόνιον
366 3799 520 3894 Myso-lut.
654 3793 732 3878 Ἰόνη
757 3802 934 3861 Eustathius.
965 3807 1143 3867 ιί.Εο1ιΙιεΙ.
1168 3808 1237 3865 DN.

74 3902 107 3965 1,
127 3899 146 3954 3
172 3917 202 3973 p.
223 3897 291 3957 449.
408 3902 455 3956 12.
476 3895 555 3970 βοῦν
582 3888 709 3969 ἔχουσα]
729 3894 896 3952 Eustalhius
917 3898 936 3957 l.
950 3899 984 3955 l.:
1006 3894 1084 3958 ἔνθα
1103 3899 1181 3973 βοῦς
1199 3885 1238 3976 ἦν

72 3986 106 4046 ἓν
131 3981 286 4066 ἀγάλματι
311 3987 368 4065 τῆς
389 3981 468 4056 Ἰοῦς
493 3981 561 4065 ἤτοι
585 3988 642 4064 τῆς
667 3981 803 4062 σελήνης.
830 3981 867 4045 lui
891 3985 951 4069 γὰρ
975 3985 994 4068 ἢ
1022 3985 1131 4068 σελήνη
1157 3987 1238 4049 κατὰ

73 4076 133 4157 τὴν
151 4081 214 4139 τιῦν
228 4074 374 4160 Ἀργείων
393 4076 561 4150 διάλεκτον,
584 4098 704 4158 quorum
726 4090 872 4157 postrema
889 4083 955 4142 item
970 4085 1121 4164 Stephano
1137 4083 1238 4144 deberi

73 4174 217 4232 videntur.
298 4177 345 4232 13.
364 4167 461 4250 Ἰόπη]
483 4175 548 4232 lloo
568 4185 673 4232 tmema
694 4173 723 4228 in
744 4173 822 4230 libris
844 4185 910 4234 aute
930 4177 1152 4255 praecedentem
1166 4179 1237 4234 arti·

73 4267 169 4324 culum
184 4267 298 4346 legitur.
375 4271 423 4326 16.
434 4272 481 4326 17.
495 4267 551 4324 τοῦ
569 4259 868 4340 καταστερισθίντος
883 4264 1184 4346 (καταστερηθίντος
1196 4267 1236 4343 R)

74 4379 168 4436 usque
189 4360 228 4418 ad
248 4359 350 4428 κακιῦς
370 4377 467 4439 φασιν
488 4359 565 4418 delet
585 4358 773 4418 Seliubartuu.
880 4365 926 4420 17.
948 4351 1141 4420 Βασσιόπειιι
1160 4361 1197 4419 R.

74 4445 117 4520 ὡς
136 4471 190 4531 pro
211 4448 240 4512 oi
261 4453 297 4511 ll.
1019 4473 1022 4480 ⁴
