2902 5084
622 219 697 292 243

79 399 239 469 ποιέουσι
262 393 445 486 λεπτότερα
467 393 616 485 κατάπερ
640 395 672 466 ολ
686 396 852 487 Ἓλληνες,
875 399 932 468 καὶ
952 399 1111 471 ἐσθίουσι
1129 399 1239 486 μάζας

77 513 212 586 ποῶν”.

166 630 413 724 Δυρράχιον,
445 630 547 712 πόλις
569 630 747 722 Ἰλλυρική,
778 636 861 718 [καὶ]
882 633 1132 722 Ἐπίδαμνος
1161 642 1238 729 κλη-

77 758 185 822 θεῖσα
200 746 271 821 άπδ
288 748 507 838 Ἐπιδάμνου.
540 749 660 820 τούτου
683 750 831 844 θυγάτηρ
848 754 1018 838 Μέλισσα,
1042 747 1080 846 ἧς
1101 759 1157 826 καλ
1178 763 1238 826 τοῦ

77 872 301 950 Ποσειδῶνος
322 865 340 940 ό
363 864 568 960 Δυρράχιος·
600 866 658 960 ἀφ’
682 861 722 959 ἧς
743 867 833 940 ἔστιν
854 871 890 942 ἐν
907 870 1103 965 Ἐπιδάμνῳ
1130 873 1263 960 τόποςῡ

79 985 336 1070 Μελισσιύνιος,
373 986 460 1058 ἔνθα
489 991 669 1056 Ποσειδῶν
704 985 788 1082 αὐτῇ
819 993 1001 1079 συνῆλθεν,
1035 989 1082 1073 ὡς
1114 994 1237 1065 Φίλων.

81 1105 257 1199 [Στράβων
285 1104 319 1175 δ’
349 1107 384 1176 ἒν
413 1102 443 1196 η’
473 1105 571 1196 aaut]
605 1109 712 1202 ttusati
743 1110 782 1178 δὲ
807 1109 866 1178 τδν
896 1106 1077 1193 Ῥιζονικδν
1104 1111 1238 1194 Λίσσος

80 1223 152 1296 ἐστὶ
169 1223 271 1306 πόλις
287 1227 345 1294 καὶ
360 1221 575 1314 Ἀκρόλισσος
590 1228 647 1295 καὶ
661 1223 863 1313 Ἐπίδαμνος
878 1228 1092 1320 Κερκυραίων
1107 1229 1237 1315 κτίσμα,

79 1340 101 1432 ἡ
130 1348 187 1412 νῦν
214 1342 404 1435 Δυρράχιον
431 1339 615 1430 ὁμωνύμως
643 1352 685 1436 τῇ
710 1344 897 1436 χερρονήσῳ
926 1348 1089 1437 λεγομένη
1114 1345 1166 1437 ἐφ’
1198 1339 1237 1439 ἧς

78 1458 254 1551 λδρυται”.
286 1462 467 1542 Δέξιππος
488 1464 526 1532 δὲ
548 1460 582 1531 ἐν
602 1469 760 1554 χρονικῶν
784 1464 913 1556 ι’φησὶν
936 1465 1041 1547 οὕτως
1058 1469 1140 1561 «καὶ
1154 1476 1236 1536 Μα-
1250 1497 1276 1537 ιο

79 1579 226 1652 κεδόνων
250 1581 310 1670 τήν
335 1576 525 1671 [πρότερον]
552 1583 613 1667 μὲν
636 1579 855 1668 Ἐπίδαμνον,
885 1582 1059 1674 ἐσύστερον
1088 1589 1126 1656 δὲ
1146 1593 1236 1677 Δυρ-

80 1867 108 1921 1.
130 1859 270 1920 ποιέουσι
290 1863 330 1931 Μ,
355 1861 496 1919 ποιοῦσιν
514 1863 547 1922 8.
644 1858 782 1941 κατάπερ
802 1865 841 1931 Μ,
867 1858 1010 1943 καθάπερ
1031 1867 1063 1924 S.
1084 1876 1238 1945 praeterea

80 1953 183 2014 forsan
207 1946 227 2030 ἢ
254 1954 481 2032 praefigendum.
600 1962 627 2014 1.
643 1962 671 2014 2.
690 1949 792 2030 μάζας
815 1956 900 2016 ποιόν
926 1958 962 2026 S,
994 1949 1132 2036 καρπούς
1156 1959 1236 2018 editi.

80 2067 135 2126 pro
155 2047 240 2104 ποῶν
259 2047 355 2104 malim
375 2043 483 2105 ποίων.
561 2055 589 2108 3.
603 2041 797 2127 Δυρράχιον]
820 2051 903 2107 Hanc
922 2053 1077 2109 sectionem
1098 2053 1236 2128 integram

83 2139 251 2208 servants,
270 2141 397 2217 priorem
416 2149 527 2216 partem
550 2159 640 2215 usque
655 2141 692 2197 ad
706 2163 735 2220 p.
747 2143 844 2211 442,2
864 2139 944 2200 κατὰ
964 2137 1077 2216 κράτος
1097 2139 1239 2222 αἱροῦσιν

82 2232 1237 2313 οωυωωωωωωὐωωὼωὴψψηἼΜωθμῶΒωω

82 2328 208 2402 epitome
227 2324 301 2382 haec
320 2324 421 2381 habet:
448 2317 644 2401 Δυρράχιον,
671 2317 759 2394 πόλις
776 2319 941 2404 Ἰλλυρική,
965 2321 1152 2402 Ἐπίδαμνος
1170 2329 1237 2406 κλη-

82 2417 189 2484 θεῖσα,
222 2410 283 2473 άπὸ
307 2409 506 2490 Ἐπιδάμνου.
538 2409 650 2475 τούτου
676 2412 820 2496 θυγάτηρ
846 2417 1010 2489 Μέλισσα,
1042 2403 1079 2495 ἧς
1104 2419 1156 2478 καὶ
1181 2420 1238 2480 τού

82 2506 281 2577 Ποσειδῶνος
292 2501 481 2587 Δυρράχιος,
503 2501 556 2587 ἀφ’
571 2491 608 2584 ἧς
626 2501 721 2577 τύπος
736 2503 961 2581 Μελισσιύνιος,
982 2507 1061 2570 ἔνθα
1073 2509 1238 2570 Ποσειδῶν

81 2593 162 2678 αὐτῇ
188 2601 352 2676 συνῆλθεν.
379 2595 578 2678 Ἀλεξανδρος
603 2593 634 2657 δ’
657 2597 689 2658 ἓν
714 2596 849 2681 Εὐρώπῃ
876 2599 1080 2684 αΔυσραχύου
1108 2596 1139 2659 δ’
1158 2598 1237 2660 Ἐπί-

83 2689 201 2766 δαμνος
216 2687 260 2749 ἐπ’
276 2686 431 2769 ἀγχιάλου
439 2687 559 2768 χθονὸς
579 2685 707 2768 ιλκτῆς”.
729 2688 793 2752 iim
813 2691 864 2751 καλ
884 2689 961 2770 άλλη
977 2687 1159 2770 Λακωνική,
1179 2691 1237 2769 μία

81 2784 148 2841 τῶν
166 2776 283 2842 ἑκατόν.
303 2781 356 2842 καὶ
375 2780 394 2862 ἦ
411 2778 501 2860 χιόρα
521 2782 577 2861 τῆς
593 2777 744 2861 Ἰλλυρίας
762 2781 945 2862 Δυσραχλα,
965 2769 1003 2861 ἧς
1022 2780 1057 2844 τὸ
1078 2779 1239 2862 ἀρσενικὸν

82 2867 274 2952 Δυσράχιος.
298 2876 353 2935 νῦν
379 2871 412 2934 δὲ
435 2872 637 2952 Δορραχηνολ
661 2871 808 2952 λέγονται.
837 2871 878 2946 ὡς
899 2871 1051 2956 Ἕρρύνιος
1077 2871 1182 2936 utatur
1206 2873 1239 2935 δν

83 2971 151 3035 τοῖς
169 2963 325 3046 ἰατρικοῖς.
349 2965 526 3043 Φιλωνίδης
546 2964 580 3026 δὲ
600 2961 837 3045 δΔυρραχηνδς
856 2962 968 3046 ἤκουσε
987 2965 1043 3044 μὲν
1056 2963 1237 3046 Ἀσκληπιά-

83 3057 151 3128 δου,
173 3054 338 3139 λατρεύσας
358 3052 390 3117 δ’
412 3057 444 3119 ἓν
463 3061 501 3139 τῇ
521 3056 646 3138 πατρίδι
667 3052 797 3130 ἐνδόξως
816 3054 1004 3130 συνετάξατο
1023 3060 1132 3137 βιβλία
1150 3056 1198 3137 με’.

83 3149 135 3209 καὶ
155 3153 224 3212 add.
247 3154 271 3210 C
293 3155 311 3211 i.
332 3172 358 3211 e.
381 3153 598 3213 Constantinus.
695 3154 724 3211 4.
745 3148 804 3213 ὑπὸ
826 3155 866 3221 C,
896 3155 944 3228 qui
964 3165 1032 3231 post
1047 3147 1237 3228 Ἐπιδάμνου

84 3243 242 3303 additioni
262 3239 394 3323 ἀρχαίου
414 3235 525 3322 ἥρωος.
642 3245 699 3304 τού
719 3247 755 3314 X,
781 3242 817 3305 τδ
837 3246 925 3313 ARV,
946 3264 1002 3302 oin.
1023 3245 1055 3302 S.
1171 3250 1200 3304 5.
1221 3239 1237 3304 ό

81 3329 262 3412 Δυρράχιος
283 3337 322 3407 C,
348 3333 528 3416 Δυρράχιος
547 3340 584 3408 S,
609 3335 771 3417 Δυρραχίς
791 3339 859 3407 RV,
883 3328 1064 3416 Δυρράχιος
1083 3355 1120 3394 σο
1141 3339 1175 3394 Α.

82 3434 112 3488 6.
133 3423 174 3498 ὡς
196 3425 314 3504 Φίλων]
340 3434 420 3490 Haec
445 3435 546 3500 verba,
572 3450 646 3507 quae
669 3433 716 3488 CS
736 3443 803 3510 post
819 3428 945 3504 ἵδρυται
967 3429 1030 3506 (lin.
1052 3427 1102 3504 io)
1123 3428 1239 3498 habent,

82 3524 111 3580 iu
133 3522 208 3580 hunc
228 3522 322 3580 locum
343 3523 465 3593 traduxi,
486 3525 621 3600 quoniam
643 3542 737 3598 neque
757 3525 908 3599 sequentia
921 3521 1050 3579 Philonis
1064 3522 1150 3578 verba
1164 3529 1239 3590 sunt,

83 3616 137 3674 aed
161 3616 351 3674 Strabonis&
377 3636 408 3694 p.
430 3619 502 3685 316,
531 3635 625 3692 neque
652 3614 789 3674 credibile
819 3626 864 3672 est
894 3633 968 3690 quae
995 3613 1033 3671 de
1058 3612 1239 3688 Dyrrhachio

83 3707 243 3766 afferuntur
262 3726 298 3766 ea
319 3709 379 3766 sine
394 3718 468 3767 teste
482 3709 570 3766 allata
585 3727 659 3768 esse.
736 3711 765 3765 7.
777 3697 932 3782 Στράβων
946 3699 973 3762 d⁰
987 3702 1019 3763 ἐν
1036 3698 1065 3782 η’
1085 3702 1170 3784 φησί
1184 3705 1238 3762 ad-

83 3801 157 3858 didit
167 3800 208 3857 Μ.
282 3793 458 3875 Ῥιζονικδν]
473 3793 587 3858 κόλπον
600 3799 669 3857 add.
686 3799 750 3856 libri
764 3799 926 3866 Strabonis,
946 3798 1072 3858 sortasse
1092 3818 1127 3856 ex
1148 3800 1237 3858 inter-

82 3892 243 3972 polatione.
264 3891 303 3950 cs.
320 3892 436 3968 Scymu.
448 3893 513 3950 Per.
528 3895 597 3950 133:
618 3892 680 3950 τῶν
700 3887 780 3948 κατὰ
800 3886 854 3950 τὸν
870 3885 977 3949 Ἰόνιον
995 3885 1065 3967 ἑξῆς
1085 3887 1238 3967 κειμένων.

83 3976 301 4064 9.χερρονη’σῳ
322 3979 472 4063 πρότερον
491 3979 635 4060 λεγομένη
656 3985 688 4042 S.
710 3985 748 4042 ci.
765 3985 802 4041 ad
818 3985 896 4042 t.11.
975 3979 1189 4052 10.Δάξιππος
1208 3979 1240 4040 ἓν
1275 4041 1276 4044 ,

20 4063 1163 4156 ’ψώῌωωψώώψωψωώὼᾶ

85 4176 131 4228 11.
151 4164 208 4247 τὴν
234 4159 383 4246 πρότερον
403 4161 463 4244 1μὲν
488 4169 532 4236 Μ,
557 4163 615 4245 τὴν
637 4166 694 4243 μὲν
717 4172 758 4238 R,
786 4189 841 4227 om.
864 4171 899 4228 C.
926 4163 1089 4247 πρότερον,
1117 4188 1173 4244 quo
1193 4169 1241 4226 hic

85 4283 185 4322 carere
205 4281 262 4319 non
284 4260 360 4332 licet,
380 4263 563 4321 eStrabonis
579 4262 653 4330 loco,
674 4263 720 4319 ubi
741 4272 808 4340 post
819 4255 999 4342 χερρονήσῳ
1021 4261 1149 4319 additum
1169 4271 1241 4330 erat,

83 4356 139 4414 huc
160 4354 336 4432 transposui.
415 4347 581 4431 ἐσύστερον
602 4355 658 4423 CS,
679 4351 721 4424 εἷς
740 4345 869 4430 ύστερον
889 4356 969 4417 editi.
1030 4349 1088 4474 λιδὲ
1108 4372 1163 4411 om.
1186 4354 1221 4410 C.

985 4449 1021 4502 16
