2888 5084
622 285 840 390 Ι,τοο

308 463 490 556 Βόσηρα,
526 460 630 544 πόλις
662 462 829 553 Φοινίκης.
873 465 912 533 τό
944 459 1083 533 ἔθνικόν
1115 460 1302 555 Βασηρεός,
1322 461 1381 547 ’ῶς

217 583 384 677 Ἀλίφηρα
399 580 610 674 Ἀλιφηρεός.

308 701 523 786 Βασιννοί,
540 699 719 794 Ἀραβικὸν
740 698 857 784 ἔθνος,
887 703 1037 781 Γλαῦκος
1059 699 1093 772 ἐν
1114 696 1215 790 τρίτῳ
1241 697 1381 793 Ἀραβι-

222 827 281 915 κής
303 819 552 914 ἀρχαιολογίας.

196 973 209 1010 ι
309 939 499 1022 Βάσιλις,
522 935 625 1022 πόλις
640 937 828 1031 Ἀρκαδίας,
850 936 1050 1020 Παυσανίας
1067 934 1190 1028 ὀγδόῳ.
1226 940 1266 1009 τδ
1282 940 1380 1010 ἐθνι-

222 1061 281 1130 κδν
299 1057 491 1148 Βασιλίτης.
962 1150 964 1156 Ι

307 1174 559 1268 Βαστάρναι,
581 1175 684 1259 ἔθνος
704 1175 791 1268 ὑπὲρ
812 1171 1013 1268 τδνἼοτρον
1034 1175 1159 1248 οἰκοῦν.
1194 1173 1380 1258 Διονύσιος

222 1299 258 1369 ἐν
279 1293 476 1388 περιηγήσει

326 1415 439 1486 πολλὰ
458 1411 536 1500 μόλ’
560 1412 666 1504 ἑξείης
687 1412 891 1496 Μαιώτιδος
913 1412 948 1497 ἐς
969 1411 1079 1501 στόμα
1101 1415 1225 1505 λίμνης,

182 1575 208 1615 10
326 1534 494 1624 Γερμανοί
514 1532 671 1618 Σαμόται
690 1559 728 1603 τε
749 1535 853 1602 Γέται
874 1531 910 1602 θ’
934 1531 1005 1619 ἅμα
1027 1531 1222 1626 Βαστάρναι
1241 1561 1290 1604 τε.

248 1715 270 1728 ..
304 1651 565 1740 Βατόναβος,
595 1650 756 1743 Ἀραβίας
791 1648 956 1738 σταθμός.
1004 1652 1045 1721 τό
1082 1651 1221 1724 ἐθνικδν
1256 1659 1376 1726 Βατα-

220 1771 372 1864 ναβηνός.

303 1893 529 1974 Βατανίαι,
550 1889 705 1962 συνοικία
724 1887 857 1978 Συρίας,
879 1885 900 1981 ή
922 1891 979 1961 καί
992 1892 1152 1960 Βατανέα
1174 1888 1301 1974 ἑνικῶς.
1334 1893 1374 1962 τό

218 2010 355 2081 δθνικδν
376 2007 611 2100 Βατανεοίτης.
649 2007 729 2080 ἔστι
749 2011 807 2080 καί
827 2008 970 2082 Βατάνα
992 2010 1079 2101 πρὸς
1098 2014 1147 2099 τῷ
1167 2007 1341 2104 Εὐφράτῃ.

179 2167 205 2208 ιε
301 2127 532 2220 Βατετάρα,
562 2126 663 2212 πόλις
684 2129 840 2221 Λιγύων,
868 2131 1035 2218 θηλυκῶς.
1078 2129 1118 2198 τδ
1141 2126 1278 2199 ἐθνικὸν
1298 2135 1374 2201 Βα-

216 2253 401 2341 τεταραῖος.

301 2365 495 2452 Βατίεια,
513 2349 514 2352 *
531 2367 639 2450 τόπος
670 2372 730 2459 τῆς
763 2367 888 2459 Τροίας
920 2363 1064 2461 ὑψηλός.
1113 2370 1269 2457 κέκληται
1301 2363 1373 2438 δπδ

216 2487 367 2570 Βατείας
386 2484 488 2570 τινός,
511 2482 557 2568 ῶς
573 2485 768 2571 Ἑλλάνικος
789 2485 825 2558 ἐν
846 2482 964 2578 πρῶτη
984 2491 1152 2577 Τρωικῶν,
1174 2483 1197 2578 ἢ
1219 2483 1290 2557 ἀπὸ
1312 2492 1374 2558 τοῦ

216 2604 326 2678 πότου
346 2612 413 2675 τῶν
432 2605 549 2676 ἳππων
570 2600 671 2697 ἤγουν
691 2611 750 2699 τῆς
778 2611 918 2698 τροφῆς,
946 2611 1057 2697 τροπῇ
1083 2611 1192 2704 τοῦ-εἳ
1214 2605 1263 2688 είς
1283 2595 1322 2695 β’,
1351 2605 1372 2700 ἢ

176 2723 286 2802 ωόπὸ
306 2730 374 2796 τῶν
393 2722 517 2812 βότων.
556 2727 597 2797 τδ
619 2727 757 2798 ἕθνικδν
778 2721 928 2807 Βατιεός
949 2725 1006 2794 καὶ
1028 2721 1243 2815 Βατιειότης.

298 2842 430 2935 Βατή,
461 2847 567 2935 δήμος
592 2849 652 2934 τῆς
673 2843 840 2936 Αἰγηίδος
868 2847 991 2936 φυλῆς,
1019 2842 1103 2913 ὅθεν
1129 2837 1169 2935 ήν
1191 2841 1321 2935 ’Ἅβρων
1350 2844 1369 2917 ὃ

214 2959 369 3032 Καλλίου
375 3013 385 3044 ,
415 2959 586 3051 ἐξηγητής,
617 2965 697 3055 περί
723 2961 846 3053 ἑορτῶν
871 2964 929 3033 καί
949 2968 1081 3034 θυσιῶν
1101 2961 1287 3055 γεγραφώς.
1330 2968 1368 3034 τὸ

213 3081 351 3152 δθνικδν
380 3078 647 3172 ίπιρρηματικῶς
676 3087 856 3173 Βατῆθεν·
892 3078 933 3151 οὗ
968 3085 1022 3150 δεῖ
1051 3083 1115 3172 γὰρ
1148 3083 1183 3152 ἐν
1213 3089 1302 3156 πᾶσι
1329 3087 1369 3155 τό

213 3201 351 3272 ἐθνικόν
379 3202 499 3290 ζητεῖν,
528 3195 601 3269 ἀλλ’
625 3197 647 3291 ἢ
668 3204 716 3291 τῷ
737 3199 941 3293 ἐπιρρήματι
959 3206 1126 3293 χρῆσθαι,
1155 3197 1201 3284 ῶς
1223 3199 1368 3272 ἐπὶτῶν

211 3391 414 3405 --

212 3524 240 3576 1.
255 3509 411 3589 Βασιρεός
425 3517 462 3576 V.
540 3520 569 3577 ⁵.
584 3509 698 3598 ὀγδόῳ]
721 3538 746 3577 c.
757 3523 805 3594 29,
819 3525 848 3582 5.
869 3519 917 3579 ubi
930 3516 1061 3588 Βασιλίς
1080 3521 1185 3580 editur.
1263 3523 1292 3578 7.
1306 3518 1368 3578 Ba·

211 3601 330 3684 στάρνα
350 3609 387 3667 R.
503 3614 533 3669 8.
554 3602 745 3687 περιηγήσει]
767 3631 808 3669 τε.
829 3616 896 3670 303.
1014 3619 1042 3672 9.
1062 3609 1134 3671 ἐστο
1146 3609 1293 3690 ..λίμνης
1312 3615 1348 3672 R.

211 3707 258 3761 10.
271 3692 437 3780 Σαρμάται
450 3698 551 3771 AHV,
572 3699 738 3778 Σαρμῶται
752 3705 788 3762 R.
808 3713 969 3762 cornetum
988 3706 1170 3781 eDionyiio.
1247 3724 1281 3763 τε
1301 3717 1368 3766 ante

210 3789 303 3852 Γέται
324 3813 380 3853 om.
400 3790 444 3852 Π.
543 3791 575 3852 Γ
571 3789 637 3853 ίται
656 3815 712 3855 om.
734 3797 770 3856 V.
883 3801 931 3855 11.
951 3791 1140 3872 Βατοίναβος
1158 3799 1224 3867 RV,
1243 3791 1368 3858 Βαστιί·

210 3886 309 3960 ναβος
330 3889 364 3944 Α.
481 3893 528 3947 11.
545 3892 591 3946 12.
612 3883 839 3965 Βαταναβηνός
857 3889 910 3958 W,
940 3881 1188 3966 Βασταναβηνός
1214 3893 1289 3950 libri.

209 3985 256 4038 13.
277 3977 453 4037 Βαταναῖαι
472 3981 509 4038 R.
615 3976 780 4038 Βαταναῖα
798 3981 835 4049 R,
855 3973 1013 4040 Βατιίνεια
1034 3983 1070 4040 H.
1177 3978 1212 4042 τδ
1234 4002 1290 4042 om.
1310 3985 1346 4042 R.

209 4071 314 4130 13.14.
333 4065 442 4128 λθνικίι
460 4093 515 4151 pro
535 4067 570 4131 τὸ
590 4067 715 4131 ἐθνικῶν
734 4074 769 4131 R
849 4074 895 4132 14.
916 4067 1074 4132 Βατάνεια
1093 4075 1129 4133 B.
1150 4074 1189 4133 cf.
1210 4096 1241 4154 p.
1254 4079 1300 4146 14,
1314 4083 1361 4136 10.

209 4167 256 4223 15.
276 4159 410 4239 Λυγίων
429 4173 496 4223 anie
516 4165 553 4223 B.
652 4170 699 4226 19.
721 4155 740 4241 ἢ
760 4186 814 4245 pro
834 4158 929 4242 ήγουν
948 4163 992 4224 Π.
1078 4171 1127 4226 20.
1148 4161 1309 4246 Βατιότης
1328 4170 1365 4228 V.

208 4261 313 4314 21.22.
328 4245 451 4333 Ἅβρων
471 4250 487 4315 ὃ
508 4252 661 4327 Καλλίου,
683 4250 842 4334 ἐξηγητής]
871 4259 965 4335 Vulgo
986 4259 1169 4336 coniungitur
1189 4253 1205 4317 ὃ
1225 4257 1365 4319 Καλλίου

208 4341 363 4425 ἐξηγητής.
395 4349 452 4410 vid.
472 4347 626 4407 Ruhnken.
652 4349 689 4407 ad
710 4350 788 4408 Tim.
816 4371 847 4428 p.
869 4354 934 4408 110.
964 4360 994 4409 et
1017 4351 1118 4410 Meier.
1141 4353 1301 4413 Comment.
1329 4353 1365 4412 de

207 4439 276 4495 Vita
295 4439 366 4514 Lyc.
386 4460 417 4518 p.
438 4439 486 4496 64.
605 4446 653 4502 23.
674 4441 725 4500 δεῖ
738 4437 799 4518 γὰρ
818 4441 881 4513 RV,
905 4438 965 4517 γὰρ
985 4440 1037 4500 δεῖ
1051 4445 1085 4502 Α.
