2850 5092
618 217 668 292 19

55 389 158 482 όγόρ
179 390 337 478 τεχνικός
359 394 426 490 κτά
448 395 508 464 διά
528 401 590 466 τοῦ
610 401 686 480 «Vos
708 395 819 470 πάντα
839 403 1141 494 προπαροξύνεται,
1162 403 1223 478 κδίν

55 511 90 580 τό
112 515 133 580 ἱ
155 508 298 602 ύπάρχη
320 515 389 604 πρό
410 518 472 582 τοῦ
494 522 517 596 ῖ,
541 516 631 606 πλην
647 521 713 586 τῶν
734 521 936 612 τριβροιχίων
957 523 1113 616 κορίων”.

133 627 324 715 Ἀκεσαί,
354 629 459 716 πόλις
480 634 710 717 Μακεδονίας.
752 639 791 708 τό
818 641 955 712 ἔθνικδν
975 639 1150 727 Ἀκεσαῖος
1177 643 1223 729 τός

1 719 3 750 i
50 757 274 841 Παγασαῖος,
297 755 353 820 καὶ
373 748 544 842 Ἀκεσίνης
564 748 611 836 ὥς
632 757 836 848 Παγασίτης.

133 867 427 957 Ἀκεσαμεναί,
451 867 497 954 tic
512 870 757 960 Ἀλαλκομεναὶ
778 880 1001 966 Κλαζομεναί,
1023 879 1126 966 πόλις
1140 894 1247 956 Μαι

50 988 233 1074 τεδονίας,
265 986 312 1072 ὡς
343 991 519 1082 Θεαγένης.
567 993 688 1082 κτίσμα
712 993 950 1082 Ἅκεσαμενοῦ,
985 997 1059 1082 ἑνός
1089 1007 1155 1069 τῶν
1187 1000 1222 1072 ἐν

51 1109 189 1202 Πιερίᾳ
215 1109 498 1196 βασιλευσάντων.
542 1111 582 1181 τό
608 1110 746 1185 ἓθνικόν
771 1114 1023 1203 Ἀκεσαμένιος,
1055 1115 1101 1203 ὡς
1128 1123 1222 1191 Κλα-

54 1230 229 1316 ζαμένιος.

137 1345 231 1420 Ἀκί
237 1373 324 1438 στη,
342 1345 445 1431 πόλις
458 1349 623 1434 Σικελίας,
639 1355 696 1423 καὶ
706 1349 859 1444 Ἄγεστα,
874 1357 968 1448 παρά
983 1355 1219 1449 τδνἈκίστην.

54 1470 98 1539 τό
120 1469 264 1540 ίθνιιιόν
280 1467 482 1552 Ἀκεσταῖος,
503 1473 543 1542 τό
566 1474 714 1561 θηλυκόν
729 1470 919 1546 Ἀκεσταία.
1131 1473 1135 1480 ’
1232 1513 1258 1552 ιο
1345 1543 1351 1554 .

140 1583 254 1678 Ἄκη,
277 1586 380 1671 πόλις
405 1587 572 1680 Φοινίκης.
595 1591 637 1659 τά
660 1589 707 1673 τίς
728 1599 768 1681 νῖη
789 1591 932 1683 λήγοντα
953 1593 1143 1683 δισύλλαβα
1164 1599 1222 1669 ἐπὶ

60 1706 200 1778 πόλεων
230 1705 253 1799 ἢ
278 1715 394 1800 χωρῶν
422 1708 613 1800 βαρύνεται.
657 1711 739 1800 αὐτη
770 1713 809 1783 δδ
837 1713 1030 1798 Πτολεμαῒς
1062 1712 1224 1784 ἐκαλεῖτο.

60 1828 314 1920 Κοιλοσυρίτας
336 1826 370 1899 δ’
397 1827 518 1912 αὐτούς
539 1825 724 1914 ιδνόμαζον.
768 1828 943 1913 Κλαύδιος
967 1834 1006 1904 δὲ
1025 1829 1167 1916 Ἰούλιος
1188 1836 1224 1905 δν

60 1946 182 2040 πρώτῃ
209 1954 411 2018 Φοινικικῶν
434 1950 534 2040 φησίν
556 1947 609 2018 ότι
631 1945 760 2040 ἐκλήθη
781 1946 853 2019 άπό
871 1947 1076 2041 Ἡρακλέους
1100 1955 1220 2047 αχαλε-

61 2065 210 2158 πωτάτῳ
239 2067 301 2158 γὰρ
330 2063 400 2138 ὖπδ
427 2065 632 2160 Εὐρυσθέως
659 2067 830 2164 ἐπιταγάς
858 2063 973 2160 δίθλῳ,
1006 2075 1221 2163 περισχεθεὶς
1233 2108 1259 2149 π

62 2193 109 2278 τῷ
140 2193 202 2277 τῆς
232 2185 406 2277 Λερναίας
437 2187 540 2279 ύδρας
572 2185 627 2278 ίῷ,
660 2194 731 2270 τοῖς
762 2193 828 2256 τῶν
860 2187 1036 2280 δηγμάτων
1067 2191 1221 2263 ἐπονεῖτο

63 2309 204 2377 ἕλκεσιν.
245 2301 355 2376 άνεῖλε
377 2309 417 2377 δὲ
436 2309 477 2377 τὸ
499 2309 671 2398 Δελφικόν
691 2315 847 2394 μαντεῖον
869 2306 922 2379 ἐπ’
946 2306 1112 2395 άνατολοίς
1132 2311 1221 2384 ίτέον
1328 2299 1332 2306 “

61 2429 178 2518 μέχρις
200 2423 242 2495 ἂν
263 2424 378 2518 δντύχη
395 2432 537 2518 ποταμῷ
553 2425 674 2520 φύοντο
687 2423 778 2496 πόαν
792 2427 948 2521 τῇὝδρᾳ
964 2427 1219 2521 παραπλήσιον·

63 2545 190 2638 ἐκείνης
211 2547 274 2638 γάρ
296 2545 578 2633 καταπασάμενον
594 2551 661 2616 τῶν
676 2543 779 2615 ἑλκῶν
794 2543 1112 2638 άπαλλαγήσεσθαι.
1148 2542 1222 2641 εύρε

64 2668 103 2736 δι’
123 2667 184 2735 τόν
207 2667 361 2752 ποταμόν
383 2669 440 2736 καί
459 2666 519 2757 τ’ἡν
546 2662 783 2756 πυθόχρηστον
809 2662 914 2747 πόαν,
945 2657 987 2756 ἧς
1014 2663 1032 2735 ό
1055 2668 1179 2749 καυλός
1200 2669 1223 2760 ἥ
1235 2702 1262 2740 ιο

64 2811 100 2854 τε
131 2785 209 2874 ῥίζα
235 2785 372 2869 πάντως
398 2789 488 2858 ἐστίν
514 2782 667 2879 όφιιόδης
694 2787 742 2873 τό
769 2782 915 2874 ποικίλῳ
941 2790 1015 2867 ταῖς
1041 2788 1221 2878 κεφαλαῖς·

67 3095 95 3148 2.
107 3082 237 3165 ὑπάρχει
256 3091 292 3148 R.
370 3092 399 3148 δ.
415 3079 536 3145 Ἀκέσαι
557 3086 631 3144 libri.
710 3085 739 3142 4.
753 3082 940 3160 Παγασαΐος
958 3086 1021 3152 RV,
1042 3081 1225 3161 Πηγασαίος

67 3185 100 3242 A.
193 3177 379 3258 Παγασίτης
399 3200 435 3239 ex
454 3175 637 3256 Πηγασίτης
657 3188 816 3237 correctum
835 3178 874 3245 R,
899 3171 1082 3252 Πηγασέτης
1101 3180 1135 3245 A,
1159 3175 1224 3253 Πη-

67 3271 197 3352 δσσίτης
210 3277 248 3333 V.
326 3279 354 3334 5.
369 3267 600 3347 Ἀκασσαμεναί
611 3272 675 3344 RV,
688 3264 915 3345 Ἀκεσσαμεναί
931 3266 975 3327 Π.
1053 3266 1229 3343 Κλεομεναί

60 3390 120 3449 pro
139 3365 339 3443 Κλαζομεναί
355 3368 391 3436 R,
411 3360 605 3440 Κλοιομιναί
621 3364 658 3421 V.
736 3367 765 3422 6.
779 3359 985 3437 Ἀκεσαμενού
1000 3363 1063 3430 RV,
1082 3356 1225 3421 Ἀκισσα·

69 3459 159 3538 μένου
180 3465 214 3521 Α.
299 3457 331 3520 έν
351 3481 407 3520 om.
428 3460 465 3516 V.
543 3461 572 3517 7.
591 3453 703 3540 Πιενίιγ
722 3458 786 3516 Rv.
863 3461 893 3517 7.
907 3462 935 3517 8.
957 3449 998 3526 ὥς
1018 3449 1227 3530 Κλαζομένιος

70 3559 127 3624 AR,
147 3549 378 3629 ὡςΚλαμένιος
388 3554 425 3622 V,
445 3550 556 3611 οω.Π.
634 3556 662 3609 9.
675 3546 726 3607 καί
738 3550 774 3618 Β,
795 3542 837 3617 ὡς
856 3551 930 3608 libri.
1009 3545 1170 3626 Αλγέσταλ
1189 3567 1225 3606 an

67 3645 191 3728 ’ἢνέστα
212 3667 276 3706 cum
296 3645 372 3705 ΒΗλ
449 3649 496 3704 12.
518 3640 552 3701 δέ
571 3642 639 3700 add.
661 3641 764 3702 HRV.
845 3647 892 3702 13.
910 3637 1034 3712 Ἰούλιος
1055 3645 1091 3711 Η,
1109 3636 1226 3710 Ἴουλος

71 3744 142 3802 libri.
228 3741 275 3800 14.
300 3739 482 3799 Φοινικικιόν
501 3739 537 3806 X,
560 3733 714 3795 Φοινίκιον
732 3738 807 3795 libri.
887 3736 935 3795 14.
953 3740 999 3796 15.
1015 3728 1227 3816 χαλεπωτάτῳ

68 3831 125 3913 γὰρ
150 3829 212 3894 ύπδ
233 3827 425 3908 Εὐρυσθέως
449 3827 599 3906 έπιταγείς
624 3822 714 3908 ύθλῳ
739 3831 776 3898 R,
800 3824 1024 3905 χαλεπωτάτου
1047 3825 1107 3906 γάρ
1131 3820 1227 3899 ὐπάρ·

67 3946 175 4002 χοντος
200 3921 393 4003 Εὐρυσθέως
418 3919 568 4001 διαταγεὶς
593 3913 685 4000 όθλῳ
711 3922 798 4002 PpV,
824 3915 1048 3998 χαλεπωτάτου
1078 3917 1137 3999 γὰρ
1167 3914 1227 3978 {mi

70 4015 261 4098 Εὐρυσθέως
280 4015 313 4077 έν
332 4014 490 4095 ἐπιταγαῖς
511 4009 614 4074 ἄλλων
634 4017 666 4072 A.
796 4021 843 4075 15.
864 4010 1075 4094 παρασχεθεὶς
1093 4014 1130 4071 V.

71 4119 114 4174 18.
138 4105 249 4190 ίντύχῃ
276 4108 431 4189 Ppmw,
461 4103 537 4188 τύχη
558 4109 592 4166 A.
710 4111 757 4166 19.
783 4100 1043 4182 καταπασάμενον
1061 4107 1106 4174 Μ,
1137 4126 1227 4164 κατα·

69 4199 286 4282 πλασσόμενον
299 4206 336 4272 R,
357 4194 635 4274 κιιταπλασάμενον
649 4201 682 4268 A,
703 4194 1002 4274 καταπλασσόμενον
1016 4200 1054 4257 V.
1132 4192 1227 4261 άπαλ·

72 4297 284 4376 λαγηρσεσθαι
305 4299 343 4355 R.
428 4299 474 4354 20.
495 4290 610 4362 καυλὸς
628 4291 778 4373 PpHRV,
798 4289 916 4372 καρπός
934 4295 969 4351 A.
1051 4296 1098 4350 21.
1121 4285 1227 4371 όφείιύ·

72 4389 166 4468 δηςΒ.
228 4390 313 4468 [καὶ]
326 4394 397 4460 ταῖς
406 4389 579 4461 θαλαττίαις
593 4387 672 4467 quod
682 4407 741 4448 non
751 4387 866 4448 suffieit.
877 4396 943 4446 ante
953 4390 1022 4456 ταῖς
1032 4383 1181 4462 distinguit
1190 4385 1226 4444 R.
