2888 5078
533 313 535 318 ’
616 310 690 384 607

165 493 334 587 Ταρχίσ,
362 490 465 574 πόλις
487 490 657 582 Σικελική.
704 490 865 573 Φίλιστος
886 488 1020 582 ἑβδόμῳ
1042 489 1234 568 Σικελικῶν.

39 689 43 700 ,
73 617 113 686 τό
135 614 276 686 ἐθνικδν
304 611 500 705 Ταρχιύτης,
522 613 579 682 καί
605 608 793 702 Ταρχιανός
813 617 861 702 τῷ
881 610 978 702 τύπῳ
999 618 1059 702 τῆς
1078 607 1199 699 χώρας.

135 769 138 777 ·
166 731 552 832 Ταρχιύνιον,πόλις
583 731 781 825 Τυρρηνίας,
816 729 887 802 σἰπδ
918 732 1076 824 Τηλέφου
1108 731 1236 812 παιδός
1298 773 1302 778 -

77 853 265 946 Τόρχιυνος.
310 851 329 923 6
352 853 492 944 πολίτης
518 857 737 943 Ταρχιυνῖνος,
762 847 825 942 [ὥς
842 847 941 940 Ὧρος
963 847 997 921 ἒν
1018 851 1049 937 β’
1072 854 1151 943 περὶ
1173 853 1235 922 λθ-

74 975 201 1070 νικῶνᾶ
219 970 267 1056 ῶς
281 970 466 1065 Ἀσσιύριον
477 969 688 1062 Ἀσσωρῖνος,
706 965 728 1061 ἢ
746 969 954 1060 Ταρχιυνιεύς
968 967 1260 1054 ῶς“ίππωνιεύς.ε
1312 1063 1320 1070 μ

165 1099 294 1175 Ταῦα,
322 1089 426 1174 πόλις
446 1089 638 1182 Αίγύπτου.
680 1086 699 1159 6
725 1089 867 1180 πολίτης
890 1088 1049 1181 Τανίτης,
1069 1087 1119 1172 ’ὡς
1135 1085 1236 1181 Ὧρος

74 1209 162 1298 ίνηί
185 1214 264 1301 περὶ
286 1213 445 1282 ἐθνικῶν.
1134 1197 1136 1200 ’

164 1328 343 1415 Ταύακα,
367 1329 471 1413 πόλις
485 1328 653 1411 Σικελίας.
697 1328 858 1410 Φίλιστος
879 1324 1002 1420 ὀγδόῳ.
1035 1329 1075 1398 τδ
1097 1326 1262 1400 ἐθνικδν·

77 1447 309 1534 Ταυακῖνσς“
285 1479 331 1534 ιυς
348 1448 527 1556 Ἐρυκῖνος.

164 1568 385 1660 Ταΰγετον,
423 1563 501 1658 όρος
535 1571 595 1657 τῆς
627 1551 841 1658 Λακωνικῆς.
885 1565 1078 1662 Ὅμηρος
1079 1564 1116 1663 ἢ
1148 1595 1233 1638 κατα
1246 1593 1273 1632 ιο

78 1689 244 1782 Τηΰγετον
265 1683 523 1779 περιμήκετονη
514 1683 783 1777 Ἐρύμανθον’.
822 1689 954 1776 λέγεται
975 1684 1234 1778 καὶῶρσενικῶς

7 1819 13 1827 ”
74 1839 132 1881 και
122 1813 306 1900 θηλυκῶς
328 1808 386 1876 καί
408 1805 602 1897 οὐδετέρως.
646 1802 718 1875 dno*
745 1807 912 1900 Τηϋγέτης
937 1813 997 1898 τῆς
1022 1806 1146 1900 μητρός
1166 1803 1235 1876 12⁸6-

74 1929 178 2021 ρῶτα.
221 1929 261 1998 τὸ
284 1926 421 1998 ἐθνικδυ
448 1927 642 2014 Ταύγὲτισς.
746 1991 752 1998 .

165 2045 430 2130 Ταυλάντιοι,
449 2043 632 2137 Ἰλλυρικόν
653 2041 766 2126 ἔθνος.
806 1967 988 2135 Εὐφορίων
1008 2048 1047 2118 δὲ
1066 2047 1152 2132 μετὰ
1173 2051 1235 2115 τοῦ
1314 2063 1320 2076 ’

73 2178 94 2238 ῑι
124 2165 425 2248 Ταυλαντίνους
460 2163 583 2247 αύτούς
611 2188 706 2256 φησι.
751 2165 844 2254 παρὰ
873 2161 1006 2248 τούτοις
1034 2165 1070 2236 ἐκ
1096 2167 1233 2252 μέλιτος
1246 2189 1271 2231 ιε

75 2283 170 2358 οἶνον
184 2284 342 2378 γίνεσθαί
363 2310 465 2378 φησιν
480 2282 714 2374 Ἀριστοτέλης
728 2283 763 2353 ίν
777 2283 998 2372 θαυμασίοις.
1030 2286 1163 2375 λέγεται
1177 2287 1234 2356 καί

56 2403 260 2498 οὐδετέρως
278 2402 490 2486 ’Ταυλάντιον
512 2406 569 2493 καί
590 2402 777 2484 Ταυλαντίς
799 2408 965 2494 θηλυκῶς.

167 2521 349 2616 Ταυρασί
355 2549 394 2606 α,
416 2520 519 2606 πόλις
535 2520 692 2606 Ἰταλίας.
732 2523 771 2594 τδ
795 2525 933 2594 ίθνικδν
959 2530 1167 2615 Ταυρασίνος
1189 2518 1236 2606 ῶς

75 2649 313 2726 Πλακινιῖνσς,
336 2644 394 2715 καί
421 2641 664 2734 Ταυρασιανός.

166 2762 360 2858 Ταυρική,
387 2769 488 2855 νῆσος
512 2760 640 2853 μεγάλη
667 2763 725 2831 καί
753 2760 829 2830 λίαν
855 2759 1022 2851 ἐπίσημος
1041 2765 1099 2834 καί
1119 2763 1233 2833 πολλὰ
1245 2795 1272 2834 ιο

76 2883 197 2970 ἔχουσα
218 2882 310 2974 ἔθνη.
324 2885 381 2952 καί
400 2883 639 2974 περικλείσυσα
659 2887 701 2973 τῇ
723 2881 825 2950 θέσει
845 2882 905 2971 τήν
922 2886 1084 2951 Μαιῶτιν
1105 2881 1232 2974 λίμνην.

74 2996 117 3095 ἧς
138 3001 178 3076 ού
199 3002 288 3073 πολύ
309 3006 478 3074 διεστῶσα
501 2999 521 3094 ἡ
548 2999 740 3073 Ἀλωπεκία
762 3001 832 3072 ἐστὶ
856 2995 969 3092 μικρά.
1012 3007 1057 3096 τῇ
1082 3005 1120 3074 δὲ
1145 3012 1234 3074 Ταυ-

76 3127 152 3216 ρικῇ
173 3119 234 3192 δύο
256 3121 480 3213 παράκεινται
500 3127 607 3212 νῆσοι,
634 3117 817 3212 Φαναγόρα
839 3123 896 3190 καὶ
912 3117 1141 3212 Ἕρμιύνασσα.
1178 3125 1233 3214 λί-
1289 3138 1299 3154 ’

76 3269 169 3333 γεται
201 3245 239 3314 δὲ
261 3237 395 3334 ’Όσιριν
424 3241 492 3316 ἐκεῖ
518 3240 678 3328 ζεύξαντα
704 3246 786 3326 βοῦς
814 3236 938 3330 ἀρόσαι
968 3241 1044 3331 τήνΙ
1060 3233 1130 3332 γῆν.
1175 3243 1234 3312 διδ

76 3357 135 3432 οίιν
163 3363 202 3431 τὸ
232 3365 347 3454 ζεῦγος
373 3368 435 3433 τού
463 3360 588 3453 ταύρου
618 3363 658 3432 τό
689 3359 798 3442 ἔθνοςΥ
818 3363 998 3451 κληθῆναι.
1042 3356 1060 3430 6
1091 3357 1232 3452 οίκήτοιρ
1245 3386 1271 3427 ιε

73 3549 275 3558 ——-—-—-

74 3645 103 3698 3.
128 3633 285 3718 Τηλίφου]
316 3640 392 3698 vide
423 3637 514 3699 schol.
540 3639 686 3718 Lycophr.
713 3639 799 3698 1213.
936 3639 965 3697 4.
989 3632 1167 3716 Ταρχῶνιος
1196 3640 1233 3699 R.
1346 3615 1368 3636 '⁵

49 3803 52 3808 Ι
74 3735 104 3792 1.
116 3735 143 3792 5.
165 3725 207 3798 ῶς
223 3718 320 3808 Ὦρος
339 3728 372 3790 ίν
389 3724 420 3806 ff
439 3729 513 3808 περί
534 3728 667 3791 ἐθνικῶν
692 3731 761 3790 εδδ.
782 3732 819 3790 R.
847 3730 980 3790 videntur
1004 3751 1020 3788 e
1045 3735 1234 3809 sequentibus

75 3827 200 3904 repetita
220 3843 295 3894 ene,
316 3843 401 3901 quam
422 3828 458 3884 ob
479 3843 595 3884 causam
614 3826 731 3886 ιεελσεί.
829 3827 857 3884 5.
878 3815 919 3890 ὡς
939 3842 995 3882 om.
1017 3825 1053 3882 R.
1154 3825 1235 3902 Ταρ·

70 3909 193 3993 χονιτύς
211 3917 276 3978 RV.
383 3911 437 3991 ὡς]
457 3909 476 3994 ἢ
497 3919 556 3976 R.-·
646 3908 814 3985 Ἱππονιεύς
838 3917 902 3975 RV.
1020 3923 1067 3976 10.
1082 3906 1234 3994 Ὅμηρος]

76 4009 264 4079 od,.6‚103.
364 4015 411 4070 16.
432 4001 514 4079 σίνος
533 4010 571 4067 V.
668 4005 875 4084 θαυμασίοις]
897 4029 922 4068 α.
942 4013 990 4068 21.
1089 4013 1136 4069 18.
1155 4008 1235 4068 Ταυ·

75 4095 166 4197 ραύία
186 4121 227 4190 R,
258 4118 419 4200 Ταυρανίιι
439 4121 501 4180 AV.
622 4095 814 4194 Τααραύῖνας
834 4121 873 4188 R,
902 4119 1095 4196 Ταυρανῖνος
1114 4120 1175 4179 AV.

75 4217 123 4273 19.
140 4207 356 4290 Ταυρανιανός
374 4215 448 4274 libri.
516 4220 574 4274 20.
596 4211 688 4290 νῆσος
707 4245 746 4254 -
765 4217 813 4271 23.
829 4204 1052 4290 Ἑρμώνασσα]
1073 4213 1155 4272 Haeo
1174 4233 1232 4274 non

75 4301 218 4385 Stephaili
239 4307 372 4366 videntur
390 4326 456 4368 εεεε
476 4311 571 4377 verba,
592 4307 646 4366 sed
666 4307 823 4385 scriptoris¹
836 4305 957 4366 alicuius
978 4324 1037 4383 quo
1057 4325 1125 4364 ιιειιε
1145 4316 1199 4366 εει.
1223 4303 1228 4306 ’

74 4403 123 4458 21.
144 4393 201 4476 τὴν
220 4397 328 4476 λίμνην
347 4395 404 4477 τὴν
423 4400 570 4460 Μαιῶτιν
589 4400 653 4459 RV.
752 4404 801 4458 22.
822 4392 859 4458 ού
880 4399 917 4469 X,
936 4393 972 4457 τδ
991 4399 1027 4471 R,
1048 4418 1103 4460 om.
1124 4399 1231 4480 Ava.

67 4485 253 4554 Ἀλωπεκεία
273 4492 335 4577 λθ,
353 4485 554 4566 Ἀλωπεκιίας
573 4494 610 4553 R.
687 4495 735 4554 24.
757 4488 805 4568 δί]
826 4489 877 4552 καί
897 4492 933 4551 R.
