2866 5092
634 255 676 328 11

153 432 326 524 Ἀγάθη,
364 432 465 514 πόλις
494 431 637 522 Λιγύων
668 431 690 523 ἢ
718 435 867 502 Κελτῶν.
909 433 1059 521 Σκύμνος
1088 439 1127 506 δὲ
1157 445 1234 505 Φω-

76 555 183 623 καέων
212 551 318 642 αι’πήν
344 575 447 644 φησιν
478 553 513 622 ἐν
540 558 584 644 τῇ
604 549 764 644 Εύριύπῃ.
813 554 1025 642 Τιμοσθένης
1054 555 1093 623 δι’
1122 555 1158 624 ἐν
1187 559 1235 646 τῷ

77 676 274 761 οταόιαομῷ
292 670 442 761 Ἀγαθὴν
460 668 557 761 τύχην
577 668 812 764 αῦτήν·φησιν.
849 669 881 738 ιλ
901 668 935 739 δ’
960 670 1067 754 οῦτως
1088 674 1232 762 λέγοιτο,

72 911 230 997 Ἥραιον,
252 910 309 978 καί
324 905 484 998 Ἑρμαῖος
504 907 613 1000 λόφος
633 911 691 978 καί
703 907 877 998 Ἕρμαιος.
912 907 986 980 ἔστι
1007 913 1046 980 di
1067 912 1124 980 καί
1146 904 1256 1000 άλληι

79 1027 194 1110 πόλις,
225 1023 273 1109 ὡς
297 1027 425 1108 Φίλων,
451 1027 661 1118 Λιγυστίων,
691 1028 750 1096 ἐπὶ
772 1024 887 1116 λίμνης
907 1027 1107 1118 Λιγαστίας.
1147 1026 1231 1114 τάχα

80 1146 112 1216 δ’
134 1145 156 1236 ἡ
181 1144 267 1235 αῦτῆ
290 1147 362 1216 ἔστι
386 1152 429 1238 τῇ
455 1144 588 1238 πρώτη,
619 1143 666 1228 ὡς
685 1140 848 1227 Εῦὸοξος.
891 1143 1072 1236 βαρύνεται
1098 1146 1148 1215 δέ.
1191 1148 1231 1217 τό

80 1267 216 1335 λθνικόν
239 1263 422 1355 Ἀγαθῖνος
443 1260 489 1346 ὡς
510 1260 772 1356 Ἀκραγαντῖνος.
797 1263 929 1355 Ἀβρων
950 1265 1013 1354 γάρ
1035 1262 1073 1333 ἐν
1091 1268 1139 1353 τῷ
1154 1267 1233 1355 περί

80 1382 288 1476 παρωνύμων
308 1391 379 1465 τοῖς
399 1382 568 1464 τοιούτοις
588 1385 644 1452 καί
666 1380 748 1453 αῦτό
771 1384 952 1470 συνέμιξαν.
984 1382 1015 1452 εί
1036 1385 1075 1453 δὲ
1096 1384 1154 1452 καί
1174 1381 1230 1452 κύ-

81 1529 149 1592 ριον
172 1501 226 1590 εἴη
240 1503 279 1572 τό
291 1499 481 1592 Ἀγαθῖνος,
505 1497 564 1570 οῦκ
581 1499 723 1583 ἀπεικός
735 1501 909 1592 σημαίνειν
923 1498 1110 1595 ἀμφότερα.
1131 1511 1230 1587 Σχοι-
1244 1535 1270 1574 ιο

81 1619 152 1702 νιύς
179 1621 242 1710 γάρ
272 1621 330 1689 καί
357 1617 471 1711 κύριον
496 1621 555 1688 καί
580 1625 736 1704 ποταμοῦ
762 1623 821 1690 καί
850 1619 1001 1702 ίθνικόν,
1032 1621 1090 1689 καί
1110 1619 1229 1701 Λίξος,

82 1737 206 1825 ὁμοίως
229 1735 402 1819 Θεσσαλός
429 1738 487 1807 καὶ
505 1734 648 1820 Σικανός
669 1740 728 1808 καί
746 1735 886 1820 Σικελός
907 1739 966 1807 καί
984 1738 1097 1828 μυρία.
1141 1735 1172 1805 εί
1193 1737 1231 1806 δι’

82 1860 122 1950 μη
153 1855 200 1941 ὡς
229 1857 366 1928 λθνικόν
391 1853 430 1926 τό
453 1854 635 1943 Ἀγαθῖνος
660 1851 803 1945 ἐκλήθη,
830 1855 890 1926 τόν
904 1853 1078 1947 οἰκήτορα
1095 1855 1232 1940 λέξομεν

81 1977 263 2066 ’λγαθαῖον
283 1981 330 2065 τῷ
351 1979 452 2064 κοινῷ
474 1972 572 2062 λόγῳ,
594 1969 809 2064 ἢἈγαθούς,
832 1970 879 2055 ὡς
897 1971 1161 2056 Θισοαλονικεύς
1175 1975 1232 2044 καί

83 2092 260 2185 Σινταριύς
292 2095 349 2162 καὶ
378 2090 588 2182 Βορενικεύς,
618 2093 694 2162 ἐπεὶ
723 2094 780 2161 καὶ
801 2089 969 2181 Ἀμάθεια
1000 2097 1060 2183 τῆς
1081 2090 1232 2183 Ἀγάθης
1244 2129 1269 2168 ιι

83 2211 268 2304 ιύρίσκεται
290 2209 484 2300 παραγωγή,
507 2207 553 2292 ὡς
573 2210 765 2302 Βερενίκεια
785 2213 842 2280 καί
860 2210 1133 2281 Θεσσαλονίκιια.
1160 2209 1233 2282 ἔστι

83 2337 118 2405 di
138 2333 197 2402 καί
217 2333 318 2421 νῆσος
334 2325 466 2420 Ἀγάθη
487 2327 632 2411 Λυκίας.
664 2330 703 2399 τό
726 2330 863 2400 ἐθνικόν
885 2325 1031 2422 ιῦφειλεν
1044 2327 1230 2419 Ἀγαθεύς·

82 2449 102 2544 ἡ
123 2454 185 2542 γάρ
209 2446 303 2539 χώρα
330 2453 377 2537 τῷ
405 2446 454 2534 eis·
479 2449 535 2528 sve
560 2445 655 2538 τύπῳ
674 2447 799 2540 χαίρει,
830 2447 876 2532 ὡς
895 2444 1075 2537 Παταριύς
1099 2447 1232 2531 Τλωιύς

87 2566 267 2655 Τελμιοιύς
289 2564 426 2657 Κρινοῦς.

159 2683 340 2778 Ἀγαθοῦ
362 2684 573 2772 δαίμονος,
602 2690 702 2776 νῆσος
723 2687 758 2756 ἐν
778 2692 819 2780 τῇ
838 2683 962 2780 Ἰνδικῇ
981 2685 1153 2778 θαλάσση.
1191 2689 1271 2760 τόν»

84 2808 217 2878 ι’θνιιιόν
240 2805 326 2874 κατά
345 2805 459 2894 τέχνην
480 2804 517 2886 ἐξ
532 2800 686 2891 Ἀγαθοῦ
707 2802 877 2890 δαίμονος,
897 2807 956 2876 όιά
977 2807 1016 2875 τό
1039 2799 1179 2894 άπορον.

157 2921 406 3015 Ἀγάθυρνα,
433 2919 536 3002 πόλις
562 2920 731 3005 Σικελίας,
762 2918 809 3004 ιός
834 2921 1009 3011 Πολύβιος
1038 2922 1148 3018 ίνάτῃ.
1191 2927 1230 2996 τό

85 3041 218 3115 ίθνικόν
235 3039 488 3131 Ἀγαθορναῒος.
518 3036 558 3108 οῦ
579 3041 641 3130 γάρ
664 3038 776 3130 ἀήθης
798 3037 818 3113 ό
838 3039 945 3125 τύπος
965 3051 1036 3125 τοῖς
1054 3046 1116 3136 την
1135 3053 1231 3114 Σικι-

83 3161 155 3232 λίαν
168 3159 336 3232 οίκοῦοιν·
354 3155 518 3248 Ἱμεραῖος
533 3160 595 3248 γάρ
611 3160 668 3228 καί
681 3156 828 3242 Ἔνναῖος
839 3162 897 3228 καί
908 3167 1103 3244 Καταναῖος
1116 3162 1232 3254 φασίν.

85 3395 109 3448 1.
129 3382 286 3463 Σκύμνος]
306 3388 343 3445 V.
364 3386 461 3466 praes.
481 3387 599 3464 Seymn.
618 3409 648 3466 p.
668 3390 732 3447 XV.
835 3394 864 3446 2.
884 3385 1094 3467 Δημοσθένης
1113 3389 1156 3448 Π.

83 3485 108 3541 4.
128 3475 267 3552 ὀξύνεται
287 3473 327 3538 άν
345 3480 409 3539 RV.
430 3480 468 3538 de
487 3500 519 3540 re
539 3481 578 3539 es.
599 3482 691 3539 Lehrs
709 3482 794 3540 Arist.
814 3501 845 3560 p.
866 3483 933 3540 304.
1037 3487 1066 3540 6.
1084 3481 1234 3563 Λιγυστί-

83 3593 123 3630 ιον
134 3575 172 3646 Χ,
189 3570 393 3651 Λιγυστίνων
411 3575 449 3645 Η,
466 3569 621 3632 Λαστίων
639 3575 714 3632 libri.
791 3570 843 3631 ίαί
860 3575 1048 3644 &iubarum
1068 3569 1233 3653 inim,

82 3663 132 3724 xcii
151 3658 213 3724 άπύ
231 3667 277 3745 Pp
298 3677 328 3725 et
345 3667 411 3726 θαι.
527 3662 705 3743 Λιγυστίας
724 3667 760 3734 Χ,
779 3663 927 3736 Λυστίας
947 3669 1021 3728 iibri.
1128 3675 1156 3730 7.
1176 3664 1233 3732 Ei·

83 3757 171 3828 όοξος
195 3760 237 3829 X,
267 3753 417 3828 Εύύόξιος
439 3760 519 3828 libri,
550 3779 607 3834 qua
631 3759 723 3815 sonna
749 3761 891 3834 sequioris
916 3764 1018 3820 aetatis
1045 3764 1234 3841 scriptotibus

83 3854 187 3910 usitata
204 3853 371 3930 Stephanus
392 3855 432 3909 uti
452 3854 498 3910 vix
517 3853 620 3930 potuit.
734 3843 902 3928 βαρύνεται
920 3849 956 3912 τύ
976 3848 1100 3913 ίθνικόν
1119 3859 1155 3916 V.

81 3967 127 4020 ιο.
148 3943 297 4035 §goarii
316 3961 353 4019 v.
443 3966 489 4018 ιι.
504 3955 607 4028 Λίξος
625 3959 727 4028 1³·Rv,
745 3957 883 4030 Λικαιος
900 3961 969 4022 ΑΗ.
1049 3972 1095 4025 1³.
1116 3963 1233 4044 ικιήοη

82 4051 229 4132 lippum
252 4047 361 4128 ἐκλίθη
382 4059 416 4110 Α.
506 4045 640 4129 Ἀγαθ..
655 4052 718 4111 RV.
739 4053 826 4110 iidem
847 4075 902 4113 om.
923 4056 977 4136 τῷ.
1075 4061 1123 4119 14.
1142 4055 1159 4120 ὃ
1181 4081 1234 4139 pro

81 4139 122 4213 άς
140 4145 205 4204 RV.
306 4148 352 4204 15.
364 4138 542 4229 juravi&
561 4146 686 4204 indicata
706 4145 809 4204 lacuna
830 4168 885 4207 om.
907 4150 1008 4220 P³RV,
1029 4146 1180 4220 Σιδακιύς
1198 4153 1233 4210 Β.

82 4237 147 4297 [οη.
168 4230 345 4313 Σαμαριύς.
376 4238 441 4298 vide
463 4259 486 4295 ι.
508 4257 532 4295 v.
555 4231 726 4315 Σαμάρεια.
880 4247 927 4302 17.
949 4239 985 4302 δί
1002 4244 1071 4302 add.
1092 4245 1127 4302 V.

83 4321 263 4408 19.Κροιύς
282 4330 357 4388 1²·v.
434 4337 481 4390 22.
495 4325 677 4408 Ἀγάθαρνα
690 4333 725 4400 Η,
740 4327 923 4410 Ἀγάθαρσα
942 4335 1017 4395 libri.
1097 4333 1234 4410 23.Ἅγα·

82 4423 231 4501 θαρναῖος
252 4423 296 4490 Η,
321 4417 551 4500 Ἀγαθυρσαῖος
572 4423 644 4482 libri.
744 4431 789 4486 24.
810 4433 937 4506 μιραῖος
957 4429 1019 4487 RV.
