2902 5070
610 255 684 328 293

65 432 126 496 τοῦ
151 424 313 510 Ἐχιναῖος
337 425 532 512 Ἐχιναιεός,
563 428 609 513 aig
638 442 805 526 Κρηταῑος
826 438 1027 530 Κρηταιεός.
1073 445 1160 524 τινὲς
1188 449 1225 514 δὲ

68 547 125 615 καί
143 543 376 628 ’Ἐχινοῦντα
396 551 482 637 φασί
502 551 561 640 τόν
584 549 698 642 αὐτόν.

149 661 285 750 Ζάβιδ
291 692 331 748 α,
353 663 447 756 κώμη
469 665 503 737 ἐν
520 675 568 758 τῷ
581 671 746 762 μεσογείῳ
762 679 820 764 τῆς
836 674 1035 763 εὐδαίμονος
1053 676 1222 767 Ἀραβίας.

65 780 232 875 Οῦράνιος
254 779 442 874 Ἀραβικῶν
463 787 567 880 τρίτη.

148 899 325 989 Ζάβιοι,
363 903 466 986 όθνος
496 903 654 990 Ἰνδικόν,
692 914 889 1004 πολεμησαν
924 918 1010 1000 μετά
1048 915 1247 1006 Δηριάδοοε

61 1020 231 1110 Διονύσῳ.

146 1138 322 1230 Ζάγκλη,
356 1139 458 1223 πόλις
484 1143 654 1229 Σικελίας,
685 1146 861 1232 Ἑκαταῖος
889 1149 1051 1242 Εῦραίπγγ.
1097 1152 1129 1222 ολ
1160 1156 1222 1240 μίν

62 1257 134 1330 άπὸ
153 1257 308 1349 Ζάγκλον
329 1264 388 1329 τοῦ
410 1267 566 1350 γηγενοῦς
588 1259 610 1353 ἢ
632 1263 703 1336 άπό
726 1266 845 1360 κρήνης
859 1268 1021 1360 Ζάγκλης,
1045 1270 1078 1338 oi
1100 1274 1138 1342 δὲ
1161 1274 1220 1341 διὰ

60 1380 100 1449 τὸ
129 1379 197 1448 ἐκεῖ
217 1376 350 1468 Κρόνον
375 1380 413 1448 τό
442 1383 610 1472 δρέπανον
632 1381 848 1480 άποκρόψαι,
879 1380 908 1478 ᾦ
933 1392 976 1458 τά
1003 1395 1064 1458 τοῦ
1091 1392 1220 1478 πατρὸς

60 1497 236 1592 ἀπέκοψεν
259 1495 385 1566 αίόοῖα.
421 1499 609 1589 Νίκανδρος
632 1504 666 1572 ἐν
686 1509 734 1592 τῷ
756 1503 785 1594 η’
807 1506 963 1588 Σικελίας
987 1506 1068 1602 ακαί
1089 1534 1140 1589 τις
1162 1512 1219 1578 καί
1234 1533 1258 1571 tu

62 1615 215 1708 Ζάγκλης
237 1613 319 1704 λόάη
343 1618 577 1707 Δρεπανηίόος
600 1614 717 1689 άστο.”
762 1625 801 1691 τό
829 1625 892 1715 γάρ
915 1627 1084 1715 δρέπανον
1106 1624 1139 1694 oi
1159 1637 1219 1696 Σι-
1252 1659 1253 1664 ’

60 1739 154 1806 κελοί
170 1735 310 1825 ζάγκλον
326 1737 477 1838 καλοῦσι.
505 1738 545 1806 τό
565 1739 701 1810 ε’θνικόν
717 1743 915 1829 Ζαγκλαῖος,
938 1743 996 1810 καί
1011 1745 1219 1833 Ζαγκλαϊκός

58 1857 100 1926 τό
122 1853 283 1944 κτητικάν.

151 1971 367 2064 Ζάγυστις,
387 1975 509 2064 χωρίον
529 1974 674 2066 Λιβύης,
691 1975 910 2072 Ἀλέξανδρος
933 1979 968 2051 ἐν
989 1982 1088 2073 τρίτην
1103 1990 1217 2069 Λιβυ-

61 2102 139 2164 κῶν.
177 2094 216 2162 τὸ
239 2093 376 2164 ἐθνικόν
398 2100 611 2182 Ζαγυοτῖται.
1230 2123 1254 2164 ιε

148 2211 358 2302 Ζαόράμη,
393 2210 568 2298 βασίλειον
600 2220 666 2281 τιῦν
698 2222 1030 2303 Κιναιόοκολπιτιῦν,
1066 2224 1145 2310 περί
1178 2214 1218 2291 οὗ

59 2337 198 2426 ἐροῦμεν
226 2331 262 2403 ἐν
289 2337 336 2422 τῷ
363 2333 392 2398 Ξ.
437 2328 502 2398 εἶσί
531 2332 569 2401 <ii
598 2330 700 2417 ἔθνος
728 2342 787 2426 τῆς
821 2335 1020 2423 εὐδαίμονος
1043 2336 1215 2427 Ἀραβίας.

58 2454 260 2542 Μαρκιανὸς
287 2453 321 2521 ἐν
348 2447 503 2540 περίπλῳ
527 2448 628 2541 αὐτῆς
657 2458 907 2546 «Ζαόραμιτιῦν
936 2459 1022 2546 [καί]
1051 2461 1214 2528 Kinaido-

59 2569 265 2644 κολπιτιῦν”.
297 2571 336 2640 τό
360 2569 496 2638 ἐθνικὸν
520 2573 748 2660 Ζαδραμαῖος.

146 2697 271 2772 Ζαῖα,
306 2688 407 2769 πόλις
438 2689 607 2770 Βοιωτίας
640 2687 859 2782 ἀρχαιοτάτη,
890 2691 1113 2782 (Ηρωόιανός.
1158 2693 1253 2761 καίιιι
1294 2685 1303 2720 ”
1334 2751 1338 2758 .

59 2813 118 2883 διὰ
147 2816 210 2880 τοῦ
230 2813 249 2877 ἓ
270 2809 325 2878 καί
354 2809 410 2876 aaa
437 2814 496 2900 τῆς
524 2810 562 2878 ἆῖ
589 2807 794 2900 ὀιηθόγγοιι.
838 2813 877 2882 τὸ
905 2813 1042 2882 ἐθνικὸν
1065 2808 1215 2900 Ζαιάτης

57 2930 104 3013 ὡς
126 2924 285 3016 Βοιάτης.

55 3105 259 3120 —--—-

56 3205 84 3258 1.
97 3195 255 3274 Κρηταῖος
265 3186 439 3270 Κρηταιεός
450 3196 485 3264 R,
507 3193 655 3267 Κριταῖος
667 3190 831 3271 Κριταιεός
843 3200 906 3255 AV.
983 3202 1010 3255 2.
1022 3191 1212 3272 Ἐχινοῦντα]

55 3293 122 3348 Hac
147 3291 239 3346 forma
266 3289 303 3346 de
328 3287 500 3345 Thessalica
527 3291 597 3345 orbe
623 3292 710 3346 utitor
735 3292 819 3347 Arist.
844 3293 913 3367 Lys.
935 3295 1021 3348 1169.
1049 3290 1097 3345 ubi
1121 3287 1212 3368 schol.

56 3377 173 3443 κόλπον
192 3377 370 3456 Ἐχινοῦντα
395 3381 625 3438 comminiscitur.
741 3387 769 3440 3.
790 3380 913 3458 βιβλίον
933 3377 968 3454 ιζ’
996 3391 1062 3439 ante
1087 3373 1214 3453 Ζόβιιλο

56 3473 134 3534 HR.
212 3477 240 3532 4.
255 3468 420 3551 Ἀραβικὸς
439 3473 503 3531 RV.
593 3476 621 3532 5.
643 3467 771 3550 Ζάβιοι]
794 3478 873 3533 Haec
895 3477 932 3533 ad
952 3474 1083 3548 Dionysii
1104 3473 1213 3528 Bassa-

56 3567 292 3626 ricarcferenda
313 3577 387 3624 sont.
408 3587 443 3624 ac
462 3567 585 3622 sortasse
607 3577 672 3644 post
691 3561 836 3648 Διονύσῳ
858 3569 964 3626 excidit
983 3560 1025 3634 ὡς
1037 3557 1213 3632 Διονύσιος.

57 3667 104 3720 10.
125 3659 170 3739 τῷ
190 3679 246 3716 om.
266 3661 303 3718 R.
390 3652 419 3734 η’
440 3657 512 3726 ssv,
533 3652 557 3730 ζ
577 3659 613 3726 R,
634 3653 752 3738 δεκάτην
773 3663 806 3716 A.
897 3656 952 3719 καί
968 3677 1014 3726 τις
1032 3658 1142 3736 PpRV,
1162 3654 1217 3715 καί

55 3773 103 3812 τοι
124 3757 157 3810 A.
237 3756 283 3810 17.
303 3753 348 3832 τῷ
368 3773 423 3810 om.
445 3755 481 3810 R.
560 3757 607 3811 18.
629 3750 849 3828 Ζαῦραμητιῦν
873 3755 931 3812 R.·
987 3749 1038 3810 καί
1059 3771 1114 3807 om.
1136 3748 1212 3808 HR.

57 3841 461 3905 18.1ο.1(ινιιιδοιιολιιικιῦν
480 3848 516 3905 R.
597 3850 643 3904 to.
657 3839 692 3902 τό
706 3841 832 3904 ἕθνικόν
843 3847 1062 3924 Ζαδραγιαῖος]
1085 3841 1212 3920 Stepha-

55 3959 110 3998 ποτ
131 3940 192 3996 nine
213 3938 300 3996 dubio
321 3938 432 3996 dixerat
452 3939 607 4014 legitimum
629 3939 736 4013 gentile
752 3957 817 3996 esse
832 3937 1045 4017 Ζαὸραμίτης,
1066 3949 1095 3996 at
1108 3954 1213 4012 graeco
1289 4007 1293 4014 Ι

55 4043 127 4108 typo
148 4031 232 4087 etiam
252 4027 458 4106 Ζαθραγιαΐος
479 4032 536 4087 dici
555 4049 653 4109 posse.
770 4035 816 4086 20.
837 4030 920 4088 Ζαῖα
940 4034 1004 4100 RV,
1024 4022 1107 4088 Ζαιά
1128 4031 1163 4086 A.

49 4114 260 4198 Ἧριοδιανός]
288 4124 375 4180 Libro
402 4123 554 4182 undecimo
582 4122 638 4197 τῆς
664 4116 818 4190 καθόλου,
851 4133 881 4178 ut
907 4123 1090 4200 videturnia‘
1107 4121 1211 4178 Arcad.

55 4237 87 4294 p.
100 4219 207 4283 97,22.
229 4215 326 4274 Zaeae
348 4217 424 4273 urbis
445 4217 610 4274 memoriam
631 4215 807 4272 iGronovino
828 4216 986 4274 restitutum
1009 4201 1055 4272 ivit
1077 4213 1162 4275 Ovid.
1180 4213 1212 4269 A.
1245 4229 1252 4248 ν

54 4313 89 4366 Α.
104 4313 130 4376 1,
152 4311 218 4366 731.
240 4309 274 4363 in
295 4307 412 4366 Zacac
433 4307 554 4376 silvis,
575 4317 603 4364 et
624 4308 731 4364 Nonno
749 4313 794 4366 13.
815 4312 862 4366 77.
885 4307 1049 4366 dubitanter
1070 4303 1212 4363 Graefius.

56 4406 105 4460 21.
118 4392 294 4478 διηθόγγοσ
316 4399 383 4455 add.
398 4401 433 4456 V.
514 4405 560 4457 21.
572 4403 618 4459 22.
631 4395 665 4458 τὸ
686 4396 809 4460 ε’θνικὸν
821 4433 859 4442 -
876 4392 1007 4474 Βοιάτης
1023 4391 1212 4473 (Βαιάτηςλ)
