2880 5070
737 218 812 290 616

197 395 284 470 ἀλλα
306 395 496 488 πράγματα.
511 473 514 478 ,
529 397 587 468 καί
608 424 711 489 φησιν
728 394 935 487 Ἀριστείδης
956 397 1013 466 καί
1034 387 1137 465 ἀλλοι
1156 395 1216 466 τὸν
1238 395 1276 464 έν
1295 403 1328 464 Τ
1325 421 1363 465 ε-

198 519 288 608 νέδῳ,
305 515 508 588 Ἀπόλλωνα
530 520 672 588 πέλεκυν
695 525 826 608 κρατεῖν
847 517 906 586 διά
927 518 970 610 τά
993 514 1171 604 συμβάντα
1186 522 1259 597 τοῖς
1281 516 1365 609 περί

173 653 174 658 ’
204 638 319 727 Τένην.
361 633 384 729 ἢ
411 639 556 722 μᾶλλον,
594 637 640 720 ῶς
674 653 777 731 φησιν
802 633 1035 725 Ἀριστοτέλης
1062 632 1097 704 ἐν
1122 637 1165 725 τῇ
1196 633 1366 704 Τενεδίων

201 753 369 847 πολιτείᾳ,
393 754 447 825 ότι
467 755 628 841 βασιλεύς
648 784 700 839 τις
720 759 755 827 ἐν
774 759 905 846 Τενέδῳ
921 753 1024 840 νόμον
1041 751 1155 843 έθηκε,
1176 753 1237 822 τόν
1259 773 1365 822 κατα·

175 872 415 962 5λαμβάνοντα
435 875 575 960 μοιχοδς
597 873 746 967 ἀναιρεῖν
766 877 902 947 πελέκει
924 871 1148 964 ἀμφοτέρους.
1186 870 1365 962 ἐπειδὴδὲ

202 996 323 1084 συνέβη
350 994 409 1063 τόν
437 991 512 1063 viiiv
540 992 645 1066 αὐτοῦ
673 999 938 1086 καταληφθῆναι
965 991 1100 1079 μοιχόν,
1134 989 1281 1079 έκάρωσε
1308 993 1366 1062 καί

203 1116 283 1204 περὶ
303 1119 364 1182 τοῦ
386 1111 475 1183 ἰδίου
497 1117 624 1196 παιδός
637 1119 826 1206 τηρηθῆναι
842 1115 901 1184 τόν
916 1112 1029 1200 νόμον,
1050 1113 1109 1182 καὶ
1122 1107 1368 1198 ἀναιρεθέντος

204 1231 253 1314 εἷς
273 1231 461 1323 παροιμίαν
482 1237 651 1324 περιῆλθε
671 1236 711 1303 τό
734 1240 872 1324 πρᾶγμα
894 1234 1038 1308 ἐπὶτῶν
1058 1226 1158 1317 ὠμῶς
1172 1231 1368 1319 πραττομέ-

204 1377 280 1419 νων.
325 1352 384 1420 διά
410 1347 510 1420 τοῦτό
539 1375 623 1442 φησι
644 1355 702 1422 καὶ
722 1354 780 1423 έπί
802 1357 862 1422 τοῦ
884 1350 1088 1438 νομίσματος
1107 1353 1174 1417 τῶν
1201 1347 1369 1420 Τενεδίων

166 1493 192 1532 10
204 1467 412 1561 κεχαράχθαι
432 1467 468 1540 έν
488 1472 549 1554 μέν
569 1477 617 1562 τῷ
639 1470 741 1562 ἑτέρῳ
762 1473 859 1563 μέρει
882 1471 1023 1540 πέλεκυν
1044 1465 1103 1538 έπί
1121 1469 1160 1537 δέ
1174 1473 1235 1536 τοῦ
1250 1464 1369 1559 ἑτέρου

206 1586 267 1659 δύο
289 1590 442 1682 κεφαλάς
463 1588 511 1672 είς
534 1587 722 1681 ὑπόμνησιν
746 1595 807 1661 τοῦ
833 1590 913 1678 περί
932 1590 991 1659 τόν
1012 1591 1122 1658 παῖδα
1145 1586 1368 1678 παθήματος.

206 1705 279 1778 έοτι
305 1709 363 1778 καὶ
390 1704 475 1800 άλλη
502 1709 670 1799 παροιμία
691 1703 887 1804 ’((Τενέδιος
915 1701 1116 1800 ξυνηγορος”
1147 1703 1166 1776 ὃ
1190 1702 1370 1791 ἀπότομος

207 1828 265 1898 καί
284 1826 436 1921 σκληρός.
475 1826 736 1921 Ἀπολλόδωρος
762 1831 801 1900 δέ
828 1827 864 1900 έν
885 1832 969 1926 νεῶν
989 1822 1165 1915 καταλόγῳ
1187 1825 1291 1916 φησίν
1314 1825 1370 1896 ὅτι

206 1949 286 2030 τούς
306 1937 367 2034 μέν
387 1952 446 2037 τῆς
467 1947 676 2038 Παμφυλίας
702 1937 870 2032 Τενεδεῖς,
898 1949 977 2030 τούς
998 1946 1037 2014 δέ
1057 1947 1116 2033 τῆς
1137 1941 1242 2034 νήσου
1269 1953 1370 2015 Τενε-

169 2086 195 2126 1⁶
208 2065 313 2149 δέους.
348 2067 406 2136 καί
428 2068 583 2156 θηλυκῶς
609 2067 761 2138 Τενεδία.
1009 2071 1021 2094 ⁴

298 2186 506 2274 Τέντυρις,
523 2183 627 2268 πόλις
641 2185 823 2277 Αἰγύπτου
841 2187 1030 2277 καθαρτικη
1048 2189 1115 2252 τῶν
1133 2183 1369 2271 κροκοδείλων.

209 2301 229 2373 ὁ
257 2301 399 2392 πολίτης
430 2303 635 2392 Τεντυρίτης.
680 2307 814 2395 λέγεται
842 2307 899 2375 καί
927 2305 1103 2390 Τέντορα
1131 2297 1296 2392 ἡπόλις,
1325 2300 1371 2386 ὡς

202 2420 422 2512 Ἀλέξανδρος
444 2423 480 2492 έν
498 2421 598 2512 τρίτῳ
620 2422 875 2514 Αἰγυπτιακῶν.

299 2539 485 2637 Τεράψη,
509 2547 609 2630 νῆσος
631 2545 718 2634 πρὸς
740 2540 943 2635 Καρχηδόνα
966 2538 1006 2612 οδ
1027 2537 1167 2631 μεγάλη.
1211 2541 1251 2609 τό
1273 2542 1371 2612 έθνι·

170 2683 197 2723 ω
209 2664 268 2733 κδν
293 2669 500 2757 Τεραψαῖος.

301 2779 518 2875 Τερβητία,
542 2777 643 2863 πόλις
665 2783 832 2865 Σικελίας.
877 2779 910 2852 ολ
931 2783 1071 2852 πολῖται
1092 2784 1303 2868 -Τερβητῖνοι,
1326 2776 1372 2862 ῶς

209 2905 431 2970 Πλακεντῖνοι
452 2895 523 2970 ἀπό
545 2901 767 2984 Πλακεντίας.
814 2901 951 2989 Φλέγων
972 2899 1008 2968 ἐν
1025 2895 1267 2984 Ὀλυμπιάδων
1289 2896 1344 2970 ιε’.

302 3019 461 3108 Τέργις,
483 3015 586 3100 πόλις
608 3019 643 3088 έν
663 3019 781 3112 Λιβύῃ
804 3021 890 3110 πρός
910 3025 959 3122 τῇΙ
972 3016 1168 3109 Αἰθιοπίᾳ.
1210 3019 1250 3088 τό
1273 3019 1372 3089 ἐθνι-

212 3225 414 3240 —d

212 3369 241 3422 1.
261 3359 316 3422 τδν
334 3363 505 3433 Salmasius,
525 3363 589 3422 τῶν
608 3365 683 3423 libri.
768 3370 797 3422 2.
817 3360 886 3438 περί
907 3383 963 3422 om.
984 3364 1022 3422 V.
1107 3367 1136 3422 δ.
1161 3356 1277 3440 Τέννην
1297 3365 1373 3424 libri.

212 3460 241 3513 6.
256 3451 391 3535 έκόρωσε
412 3451 446 3514 δέ
464 3453 515 3514 καί
534 3457 599 3516 RV.
677 3461 707 3516 7.
717 3455 894 3534 τηρηθῆναι
913 3453 968 3516 τὸν
987 3449 1082 3533 νόμον
1102 3475 1158 3514 om.
1170 3457 1206 3514 R.
1286 3463 1315 3518 8.
1326 3480 1374 3518 πε-

213 3547 322 3626 ριῆλθε
341 3549 387 3618 Μ,
412 3549 576 3626 πραρῆλθι
595 3552 637 3618 R,
661 3548 764 3609 έλθεΐν
783 3553 820 3618 Α,
847 3539 932 3607 ιίλθι
951 3550 988 3608 V.
1010 3551 1049 3620 qs.
1070 3550 1159 3628 adp.
1180 3553 1247 3618 250,
1267 3550 1296 3609 4.

213 3644 241 3699 9.
263 3635 316 3696 διδ
339 3636 376 3698 τό
403 3660 479 3720 φησι
503 3644 539 3702 ll.
676 3641 879 3718 νομίσματος]
901 3643 938 3701 V.
958 3644 1069 3702 Eckliel
1088 3643 1125 3700 D.
1146 3643 1185 3700 N.
1206 3647 1240 3710 2,
1266 3647 1355 3704 1488.

126 3737 128 3742 ’
213 3733 259 3791 10.
275 3728 441 3808 χοράχθαι
462 3734 497 3792 V.
603 3738 650 3795 14.
674 3731 824 3810 Τενεδεῖς]
848 3736 923 3795 Vide
944 3758 973 3817 p.
995 3742 1041 3805 10,
1061 3740 1090 3795 8.
1191 3739 1239 3795 16.
1264 3733 1375 3796 Τέντυ·

212 3843 260 3905 ρις
279 3826 316 3896 V,
339 3823 486 3907 Τεντυρίς
500 3830 561 3888 AR.
639 3824 846 3904 καθαιρητικὴ
868 3832 904 3887 Η.
927 3829 1015 3888 voluit
1034 3823 1248 3907 καθοιρετική.
1270 3830 1374 3892 forsan

212 3911 384 3998 φθαρτικὴ.
406 3919 443 3978 de
459 3923 616 3998 Tentyritis
634 3941 658 3979 τ.
670 3922 766 3979 strab.
779 3926 816 3980 17
829 3943 858 4000 p.
871 3925 942 3982 814:
964 3905 1049 3980 οὗτοι
1063 3915 1165 3980 πάντα
1179 3915 1300 3997 τρόπον
1313 3917 1375 3983 ἀνι-

209 4006 352 4086 χνεάσυσι
374 4008 461 4087 (τοδς
480 4010 708 4092 κροκοδείλους)
729 4011 781 4071 καί
802 4011 1042 4094 διαφθείρουσιν
1062 4006 1186 4082 αὐτούς.
1207 4014 1284 4073 Plin.
1306 4018 1375 4077 NH.

212 4110 241 4174 8,
259 4109 307 4176 25,
326 4110 379 4164 38:
406 4109 489 4182 quin
515 4120 550 4168 et
569 4127 653 4185 gens
674 4105 850 4166 hominum
871 4119 926 4166 est
946 4109 1027 4166 huic
1047 4106 1193 4165 belluae
1215 4107 1376 4170 adversa

213 4199 247 4254 in
267 4200 348 4277 ipso
367 4199 450 4256 Nilo
471 4201 693 4278 Tentyritae.
720 4199 758 4258 cf.
779 4202 861 4260 Sext.
881 4203 965 4281 Emp.
988 4202 1136 4278 Hypolyp.
1157 4220 1188 4278 p.
1209 4204 1264 4270 20,
1288 4210 1320 4263 1:
1349 4202 1377 4265 ολ

218 4289 399 4367 Τιντυρΐται
414 4291 476 4349 τῶν
489 4289 671 4370 Αἰγυπτίων
686 4285 722 4350 οδ
736 4287 929 4367 βλάπτονται
950 4285 1015 4353 ἀνω
1035 4285 1120 4351 κάτω
1139 4292 1203 4351 τῶν
1223 4295 1379 4372 κροκοδεί·

214 4381 285 4441 λων.
363 4377 560 4461 κροκοδείλων
579 4386 615 4443 R.
