2888 5070
612 296 685 370 325

66 473 195 556 εὐθεῖα,
220 469 266 556 οῖς
287 477 345 562 τῆς
368 471 518 562 φόλαιιος
540 471 559 544 ό
579 474 740 566 φύλακος.
776 473 1007 558 Ἀπολλιόνιος
1026 473 1060 546 ἐν
1075 481 1145 556 τοῖς
1161 502 1228 544 πα-

64 590 230 683 ριυνόμοις
252 592 354 683 φησίν
382 589 478 686 «άπὸ
507 599 643 682 γενικῶν
666 591 801 663 εὐθεῖαι
823 593 1047 686 παράγονται,
1074 600 1140 663 τῶν
1166 593 1227 680 μὲν

63 708 150 800 ὑπὲρ
178 709 241 781 δόο
271 712 443 797 συλλαβάς
472 707 598 796 ὁμοίως
620 719 667 805 τῇ
689 712 812 806 εὐθείᾳ
834 717 918 782 κατά
941 716 999 783 τόν
1021 712 1119 783 τόνον
1140 739 1225 802 προ-

63 828 345 919 παροξυνόμενοι,
367 832 423 898 καὶ
440 825 461 920 ἢ
480 831 514 899 ἐν
531 828 632 922 διπλῷ
647 831 790 924 σχήματι
806 830 828 923 ἢ
845 831 880 902 ἐν
895 833 1057 922 συνθέτιγ.
1093 829 1224 902 διπλοῦν

61 950 125 1035 μὲν
158 943 216 1018 οὖν
243 945 377 1042 μάρτυρι
399 946 567 1041 μάρτυρος
594 948 613 1019 ὁ
640 950 820 1043 μάρτυρος,
851 950 980 1046 Χάροψ
1010 949 1176 1043 Χάροπος
1205 945 1249 1020 δᾶ

63 1066 229 1159 Χάροπος
253 1064 452 1160 εΧαρόποιό
474 1065 500 1136 τ’
525 1064 690 1152 άναιιτος’,
718 1070 860 1160 Τροίζην
882 1069 1061 1160 Τροίζηνος
1084 1066 1102 1137 ὁ
1124 1067 1224 1156 Τροί-

65 1189 161 1284 ζρνος
178 1185 264 1280 (viris
279 1183 505 1276 Τροιζήνοιό,
519 1180 611 1277 ’Ἰβρρ
625 1181 757 1277 ’Ίβρρος
773 1181 972 1280 ό”1βρρος”.
1000 1185 1059 1279 ἀφ’
1076 1177 1116 1258 οὗ
1129 1189 1223 1275 παρά

63 1303 274 1396 Κουαδράτῳ
302 1306 337 1375 ἐν
360 1302 544 1395 Ῥωμαϊκῆς
567 1303 723 1389 χιλιάδος
751 1332 769 1374 e

67 1423 149 1519 ακατ’
162 1450 218 1492 τοι
232 1422 362 1514 Λῖγυσῖ
375 1421 412 1494 θ’
431 1422 501 1510 ἅμα
523 1425 582 1494 καὶ
599 1421 760 1516 Ἰβόροισι
782 1421 1040 1511 πολειιέοντες”.
1076 1424 1116 1494 τό
1139 1420 1221 1494 αὐτὸ

63 1544 121 1612 νιαῖ
139 1541 270 1633 ’Ἅβρων
292 1543 327 1612 ἒν
348 1539 566 1632 παρανόμοις
587 1543 681 1634 φησί.
724 1545 781 1612 καὶ
804 1541 930 1638 «αότδς
946 1539 1079 1634 Ἴβηρος
1100 1568 1221 1633 τραγο-
1235 1573 1261 1612 ιο

64 1659 211 1751 πώγων”
234 1663 269 1731 ἐν
284 1663 493 1744 Μαλθακοῖς
516 1660 646 1752 εἴρηται
660 1660 839 1750 Κρατίνου.
874 1661 1027 1751 λέγονται
1048 1657 1222 1753 οῖ”Ιβιγρες

63 1778 272 1870 ὑδροποτεῖν,
296 1775 342 1862 ὡς
362 1775 550 1868 Ἀθήναιος
572 1781 606 1850 ἐν
628 1785 921 1872 δειπνοσοφιστῶν
940 1777 972 1866 β’
996 1779 1101 1864 οὕτως
1123 1777 1222 1875 «Φά-

63 1905 183 1990 λαρχος
203 1900 264 1984 μὲν
287 1899 321 1967 ἐν
341 1905 384 1990 τῇ
406 1897 433 1984 ζ
456 1902 514 1968 καὶ
534 1900 612 1982 τούς
630 1895 766 1990 ’Ίβιγράς
787 1923 891 1991 φησιν
912 1897 1112 1989 ὑδροποτεῖν
1134 1895 1221 1966 πάν-

60 2045 137 2100 τας,
168 2015 277 2085 ιιαῖτοι
305 2016 580 2100 πλουσιωτάτους
609 2016 744 2087 πάντιυν
774 2015 967 2108 ἀνθρώπιον
992 2015 1220 2108 τυγχάνοντας.
1320 2071 1322 2076 .

60 2139 233 2226 κέκτηνται
258 2137 321 2226 γάρ
350 2131 492 2227 άργυρον
521 2138 577 2205 καὶ
604 2137 725 2225 χρυσόν
754 2141 921 2208 πλεῖστον.
965 2143 1154 2224 μονοσιτεῖν
1182 2162 1218 2204 τε
1234 2165 1257 2206 ιο

62 2253 185 2338 αὐτοῖς
207 2252 262 2325 άεῖ
283 2257 372 2343 λέγει
394 2257 453 2326 διά
474 2254 704 2345 μικρολογίαν,
734 2257 884 2347 ἐσδῆτάς
908 2285 945 2327 τε
973 2263 1090 2350 φορεῖν
1111 2258 1219 2326 πολυ·

60 2372 312 2464 τελευτάτας”.]

60 2583 262 2594 ...Φ-ι-

60 2707 88 2759 1.
109 2692 216 2757 εὐθεῖα
237 2700 302 2758 cod.
319 2699 385 2758 Par.
407 2701 486 2780 apud
507 2703 648 2770 Bastium,
669 2693 794 2759 εὐθεῖαν
814 2701 909 2777 vulgo.
987 2699 1042 2775 τῆς
1063 2699 1217 2770 cod.Par.‚

59 2793 116 2850 τοῦ
142 2791 237 2868 vulgo.
346 2787 562 2864 Ἀπολλώνιος,
596 2793 673 2871 quod
702 2794 767 2851 libri
791 2803 859 2873 post
884 2785 992 2850 εὐθεῖα
1015 2791 1135 2860 hahent,
1160 2791 1218 2848 huo

58 2885 240 2964 transposuit
258 2885 385 2946 Bestius.
495 2892 524 2946 2.
536 2891 564 2945 3.
585 2881 621 2944 τὸ
640 2880 698 2962 μὲν
715 2875 801 2965 όδιυρ
822 2878 878 2944 δόο
901 2885 936 2942 C.
958 2904 1031 2942 corr.
1051 2885 1169 2943 Bestius
1189 2895 1219 2944 et

58 2979 254 3047 Sehubartus‚
279 2981 334 3036 nisi
360 2980 438 3056 quod
456 2974 513 3055 μὲν
533 2998 591 3036 non
611 2977 766 3038 delendum
787 2989 858 3040 erat.
884 2980 1121 3056 insequentibus
1142 2979 1217 3038 enim

59 3072 234 3151 Apollonius
256 3071 292 3130 de
312 3073 459 3147 hisyllahis
481 3072 612 3149 genitivis
633 3072 728 3147 egisse
749 3071 874 3141 videtur,
895 3071 1036 3148 aquibus
1059 3089 1133 3147 quae
1153 3071 1215 3127 sor-

58 3175 174 3224 mantur
197 3181 369 3243 paronyma,
400 3167 487 3223 alium
517 3185 552 3222 ao
578 3166 695 3242 genitivi
725 3175 873 3224 accentum
904 3173 1066 3231 assumunt,
1096 3182 1133 3220 ex
1158 3183 1215 3238 quo

57 3277 165 3334 genere
190 3267 256 3316 sunt
281 3277 299 3315 a
324 3260 515 3334 grammaticis
542 3267 763 3317 commemorata
788 3253 892 3333 στίχος
917 3255 992 3323 λιῖος
1016 3265 1045 3314 et
1069 3255 1137 3312 alia.

57 3351 126 3412 3.4.
139 3343 446 3429 προπαροξυνόμεναι
466 3352 653 3420 Schuhartus,
673 3341 921 3427 παροξυνόμενον
941 3348 977 3406 C.
1056 3349 1084 3405 4.
1097 3341 1216 3404 ἁπλοῦν

57 3444 186 3514 Bastiae,
206 3436 304 3500 ἁπλδν
323 3444 418 3520 vulgo.
497 3448 525 3502 5.
547 3430 602 3502 οὖν
622 3444 700 3503 delet
719 3444 908 3502 Schubartus.
1002 3445 1032 3502 6.
1051 3431 1216 3518 Χαρόποιό

55 3532 82 3595 τ’
105 3528 251 3610 ἄνακτος]
280 3536 364 3592 Ηοιιι.
385 3535 418 3593 ΙΙ.
439 3541 473 3605 2,
497 3539 565 3596 672.
685 3533 816 3612 Τροῖζην
840 3532 1019 3612 Τροίζηνος]
1045 3533 1214 3612 Apollonius

56 3631 145 3706 igitur
170 3629 334 3686 distinxisse
360 3628 473 3687 ridetur
492 3631 566 3688 inter
588 3625 720 3707 Τροῖζην
740 3638 768 3687 et
790 3621 935 3708 Τροιζήν,
957 3646 1098 3686 secusne
1120 3627 1214 3684 Hero·

57 3723 177 3790 dianus,
198 3723 246 3797 qui
266 3731 296 3780 et
316 3723 393 3778 urhis
414 3730 443 3780 et
462 3721 558 3780 herois
578 3742 682 3781 nomen
703 3721 798 3780 eidem
817 3731 885 3778 tono
905 3721 1036 3778 subiecit.
1058 3719 1122 3776 vide
1143 3739 1167 3778 s.
1188 3739 1214 3778 v.

55 3809 206 3888 Αῖμονιά.
303 3818 331 3872 7.
353 3809 420 3882 υῖός
444 3807 637 3892 Τροιζήνοιο]
661 3814 745 3869 Hom.
766 3813 799 3868 ΙΙ.
821 3817 849 3880 2,
870 3813 937 3870 847.
1038 3817 1084 3870 10.
1105 3793 1215 3880 οὗτοςλ
1313 3805 1316 3810 ’

55 3910 114 3968 nisi
138 3908 214 3965 forte
242 3899 336 3976 αὐτὸς
363 3900 486 3982 Ἴβηρος
512 3908 583 3965 dixit
609 3927 663 3985 pro
689 3899 871 3982 αὖτίβηρος,
904 3913 933 3960 ut
959 3896 1125 3972 αόνόθαῖς,
1158 3904 1214 3964 die

54 3999 278 4076 leibhastige
304 3999 430 4068 Thais,
457 3992 709 4065 αότοσνιαπανεός
734 4007 763 4055 et
783 3997 896 4053 similia.
996 4002 1042 4055 11.
1063 3992 1214 4074 λέγονται]

55 4093 138 4148 Haec
151 4090 188 4148 de
203 4093 328 4148 moribus
350 4103 379 4150 et
398 4093 534 4150 institutis
554 4092 700 4150 iberorum
720 4109 755 4148 ex
768 4088 915 4148 Athenaeo
935 4091 1097 4148 observatio
1118 4092 1215 4148 nescio

54 4204 93 4244 an
114 4185 150 4241 ab
170 4183 378 4262 interpolatore
398 4185 478 4242 illata
495 4185 541 4241 sit.
621 4187 667 4241 12.
680 4177 725 4258 ff]
739 4183 817 4260 par
828 4202 853 4239 c.
932 4187 1036 4241 1213.
1052 4175 1217 4256 Φύλαρχος

51 4272 112 4352 μὲν
136 4272 168 4334 ἓν
192 4275 231 4354 τῇ
256 4269 281 4346 ζ’
307 4295 324 4334 e
348 4277 413 4333 eod.
438 4276 506 4333 Par.
533 4277 601 4334 add.
629 4276 793 4334 Bandurus.
825 4274 891 4331 hinc
922 4275 1119 4349 redintegrare
1149 4273 1217 4331 licet

52 4370 250 4437 Athenaeum,
272 4370 320 4426 nbi
340 4369 404 4428 iibri
425 4371 534 4428 notatio
556 4373 646 4429 abest.
