2866 5092
786 263 835 334 46

318 438 562 520 Λίδοόσιοι,
586 439 753 524 σύμμαχοι
770 437 955 524 Ῥωμαίων,
980 441 1065 530 πρὸς
1087 446 1128 531 τῇ
1151 446 1301 532 Κελτικῇ
1325 451 1389 512 Γα-
1432 454 1433 457 ’

235 559 343 651 λατίᾳ,
370 557 627 648 Ἀπολλόδωρος
649 559 683 627 έν
702 562 904 646 χρονικῶνδ
1021 651 1026 660 ,
1431 561 1432 566 ’

318 675 490 766 Λίζικὴ,
517 675 649 767 Θρᾴκης
669 676 781 765 μέρος,
798 673 974 759 Ἑκαταῖος
994 675 1154 768 Εὐρώπη.

316 795 505 876 Λίθαια,
528 792 631 875 πόλις
646 799 857 883 Λακωνικῆς,
879 794 942 880 μία
963 800 1030 864 τῶν
1051 792 1178 878 ἑκατόν,
1205 796 1390 887 Φιλόχορος
1431 826 1433 829 ’

207 916 268 984 εέν
284 912 445 995 Ἀτθίδος
465 911 575 1002 τρίτῳ.
607 912 647 980 τό
670 912 807 982 έθνικόν
821 911 1007 995 Λίθαιεός,
1033 914 1241 1005 Θουκυδίδης
1262 915 1387 1007 πρώτη.

315 1039 355 1102 A
362 1029 507 1120 ίθάλη,
530 1035 630 1120 νῆσος
651 1035 836 1120 Τυρσηνῶν,
855 1028 1030 1114 Ἑκαταῖος
1043 1031 1204 1124 Εὐρώπη.
1238 1033 1330 1104 ἔοικε
1351 1039 1387 1105 δέ

230 1158 418 1243 κεκλῆσθαι
446 1148 504 1218 διὰ
531 1148 571 1216 τό
594 1147 730 1237 σίδηρον
751 1147 839 1231 ἔχειν
859 1151 918 1217 τόν
939 1151 975 1219 έν
996 1148 1128 1242 αίθάλῃ
1149 1152 1209 1241 τὴν
1230 1153 1388 1242 ἐργασίαν

229 1269 357 1356 έχοντα.
396 1266 557 1348 Φίλιστος
578 1267 616 1335 δέ
637 1267 673 1336 έν
694 1268 712 1335 έ
732 1269 914 1335 Σικελικῶν
934 1266 1135 1338 Αἰθάλειαν
1156 1267 1260 1361 αὐτόν
1281 1275 1384 1354 καλεῖ,

230 1389 287 1458 καί
303 1387 514 1478 Ἡρωδιανὸς
536 1375 593 1454 καί
609 1379 714 1473 Ὦρος.
746 1383 921 1472 Πολύβιος
939 1385 973 1456 δ’
992 1388 1027 1456 έν
1043 1393 1225 1480 τριακοστῇ
1245 1389 1385 1482 τετάρτη

192 1537 218 1576 ιυ
230 1509 320 1598 λέγει
341 1504 544 1578 Αἰθάλειαν
564 1503 625 1592 την
646 1509 789 1593 Λῆμνον
809 1507 1002 1588 καλεῖσθαι,
1025 1503 1084 1598 εἶφ’
1107 1500 1146 1597 ἧς
1166 1502 1209 1597 ἤν
1232 1505 1251 1577 ὁ
1275 1517 1306 1576 Γ
1304 1512 1385 1579 λαῦ-

228 1653 301 1709 κος,
329 1621 378 1707 εἷς
398 1631 464 1694 τῶν
484 1625 545 1714 τόν
566 1621 722 1711 κόλλησιν
744 1619 884 1712 σιδήρου
907 1621 1086 1714 εὑρόντων·
1117 1624 1178 1695 δόο
1202 1629 1264 1716 γάρ
1287 1621 1382 1717 η’σαν.

228 1739 326 1827 οὗτος
352 1748 414 1830 μέν
440 1741 583 1828 Σάμιος,
613 1740 706 1820 ὅστις
732 1742 789 1808 καί
817 1739 914 1831 έργον
941 1739 1190 1827 όοιδιμάτατον
1219 1742 1384 1836 ἀνέθηκεν

227 1865 262 1935 έν
284 1867 448 1954 Δελφοῖς,
472 1857 518 1943 ὡς
533 1857 736 1949 Ἡρόδοτος,
761 1856 779 1928 ό
804 1857 836 1929 δ’
860 1861 971 1949 ἕτερος
992 1859 1163 1952 Λήμνιος,
1186 1858 1383 1952 άνδριαντο-

227 1983 329 2062 ποιός
358 1979 533 2068 διάσημος.
578 1979 727 2047 ἐκαλεῖτο
758 1981 796 2049 δέ
826 1978 932 2061 οὕτως
958 1974 978 2069 ἦ
1009 1979 1111 2061 πόλις
1140 1979 1224 2063 ἴσως
1251 1983 1287 2051 έκ
1318 1989 1383 2052 τῶν

188 2132 214 2170 π
227 2097 479 2183 άναδιδομένων
505 2100 566 2165 τοῦ
588 2093 782 2187 Ἡφαίστου
809 2094 989 2186 κρατήρων.
1034 2099 1102 2167 ἐκεῖ
1122 2101 1185 2188 γάρ
1207 2097 1383 2187 άνωμολό-

225 2243 322 2308 γηιαι
342 2220 457 2285 ταῦτα.
498 2214 538 2284 τό
567 2212 705 2284 έθνικδν
731 2217 766 2284 έκ
792 2221 853 2286 τοῦ
873 2214 1056 2286 Αίθάλεια
1077 2216 1307 2309 Λίθαλιίιης,
1336 2217 1382 2302 ὡς

225 2333 397 2423 Ζιλείτης,
420 2331 456 2402 έν
478 2333 517 2402 δέ
537 2338 598 2401 τοῦ
614 2331 761 2424 Αίθάλη
782 2332 994 2423 Λίθαλίτης,
1018 2331 1064 2418 ὥς
1081 2336 1272 2427 Σινωπίτης
1290 2336 1381 2409 Ἰοπ-

128 2465 134 2475 ’
168 2485 172 2492 ‘
223 2453 331 2544 πίτης.
375 2449 515 2521 δύναται
541 2451 580 2520 τό
607 2450 804 2542 Αίθαλίτης
832 2450 906 2522 ἀντὶ
931 2459 992 2522 τοῦ
1019 2461 1122 2536 Χῖος·
1153 2453 1241 2526 οίίτω
1268 2459 1331 2549 γάρ
1358 2455 1378 2550 ἡ

222 2573 309 2656 Χίος
330 2573 474 2660 ἐλέγετο.
517 2571 573 2639 καί
595 2567 629 2638 ολ
649 2574 789 2640 πολῖται
810 2571 994 2652 Λίθαλεῖς.

183 2728 210 2766 νυ
306 2689 568 2771 Λίθαλίδαι,
597 2693 703 2778 δῆμος
723 2697 783 2781 τῆς
803 2690 992 2772 Λεοντίδος
1015 2695 1137 2782 φυλῆς,
1161 2691 1233 2763 ἀπὸ
1255 2695 1378 2765 Λῖθα-

222 2811 330 2880 λίδον.
372 2811 430 2879 καί
456 2805 474 2878 ό
498 2804 643 2897 δημότης
662 2808 877 2900 Αἰθαλίδης·
908 2808 941 2880 οἱ
962 2812 1001 2882 δέ
1021 2809 1196 2894 Λίθαλεῖς
1217 2815 1299 2895 τούς
1320 2819 1377 2903 δη-

219 2927 337 3014 μότας.
372 2929 413 2996 τό
434 2928 584 3017 θηλυκόν
597 2926 764 3008 Λίθαλίς.
802 2930 844 2998 τά
865 2933 990 3000 τοπιιιό
1015 2927 1081 3018 [έξ]
1097 2907 1317 3004 Λίθαλιδιῦν
1330 2931 1377 3014 τίς

219 3047 429 3117 Αίθαλιδιδν
450 3046 485 3113 έν
505 3043 725 3114 Λίθαλιδιδν.

906 556 914 580 1

917 608 925 626 ν

302 3161 464 3256 Λίθήρ,
488 3160 506 3234 ό
531 3161 615 3254 ὑπέρ
637 3164 697 3232 τόν
719 3160 804 3254 όέρα
826 3167 1066 3257 πεπυρωμένος
1086 3165 1203 3250 τόπος.
1243 3172 1375 3260 λέγεται

216 3359 418 3375 ι-ι---“-

215 3481 243 3538 1.
267 3474 395 3536 Αίθσια
419 3474 458 3542 R,
483 3469 611 3531 Αίθαία
633 3475 673 3541 Α,
698 3467 833 3532 Amaia
859 3474 902 3533 H.
1020 3481 1048 3536 5.
1068 3469 1232 3546 Αίθαλεός
1252 3477 1297 3537 Π.

214 3564 334 3645 πρώτῃ]
360 3585 424 3644 cap.
446 3570 512 3623 101.
590 3569 618 3624 8.
642 3562 788 3634 Φίλιστος
809 3569 845 3636 X,
868 3563 1022 3636 Φίλιππος
1042 3569 1115 3627 libri.
1193 3565 1374 3630 Αἰθάλειαν

215 3664 282 3730 RV,
307 3651 471 3717 Αλθάλιαν
493 3660 527 3717 Α.
644 3667 672 3718 9.
694 3655 875 3740 Ἡρόδοτος
898 3661 941 3720 Π.
1058 3668 1104 3721 10.
1131 3657 1147 3720 ὃ
1174 3683 1231 3721 om.
1258 3666 1295 3724 R.

215 3759 262 3812 13.
279 3743 463 3826 Ἡρόδοτος]
485 3757 512 3818 1,
532 3757 580 3812 25.
678 3755 785 3813 1415.
806 3749 881 3822 ἴσως
901 3748 962 3812 ἀπὸ
983 3755 1046 3812 τῶν
1066 3752 1208 3814 αἰθαλῶν
1229 3750 1372 3816 όναδιδο·

213 3841 313 3920 μένων
332 3840 365 3901 ἐκ
385 3845 447 3902 τῶν
461 3840 640 3923 Ἡφαίστου
660 3839 824 3922 κρατήρων
843 3848 868 3904 Β
890 3867 927 3906 ex
945 3849 1041 3922 Etym.
1061 3849 1101 3904 M.
1122 3867 1149 3905 ν.
1170 3842 1315 3926 Αἰθάλη.

214 3941 321 3995 17.18.
340 3928 501 4012 Ἰονιπίτης,
524 3938 601 4014 quod
622 3939 728 3995 rectius
745 3932 877 4015 Ἰοπίτης
896 3941 1039 4006 scribitur,
1059 3959 1115 3997 om.
1130 3940 1167 3997 V.
1247 3947 1295 4000 18.
1316 3943 1372 4000 τοῦ

214 4050 270 4087 um.
292 4029 328 4084 V.
349 4027 387 4083 es.
409 4029 614 4106 Theognostus
637 4031 734 4088 Cram.
754 4052 785 4108 p.
797 4037 824 4098 5,
838 4039 865 4091 9.
886 4028 996 4106 Am,
1017 4032 1089 4108 (leg.
1108 4027 1256 4109 Αἶθάλη)
1278 4030 1297 4112 ἡ
1319 4037 1372 4092 νῦν

213 4118 302 4188 Χιός.
401 4125 448 4178 21.
470 4115 605 4199 δημότης
624 4125 665 4190 X,
692 4121 790 4200 δῆμος
810 4125 884 4182 libri.
981 4129 1029 4182 22.
1049 4120 1089 4181 τό
1109 4122 1221 4182 τοπικδ
1241 4129 1310 4196 RV,
1336 4125 1371 4186 τό

213 4208 338 4270 τοτιικόν
358 4215 390 4268 Α.
469 4211 500 4282 έξ
521 4215 588 4273 add.
610 4217 646 4274 B.
726 4213 769 4284 τίς
787 4218 823 4285 V,
846 4215 877 4285 ές
897 4219 956 4274 AR.
1035 4218 1083 4274 2-1.
1105 4211 1181 4293 ιλέριι
1201 4219 1370 4288 Salmasius,

213 4299 327 4380 ωίθίρα
350 4304 422 4360 libri.
