2902 5070
661 244 735 319 282

121 423 152 496 εί
180 427 242 515 γάρ
270 430 317 514 τῷ
346 424 548 518 αΘεσσαλός
575 421 694 513 γένος’
725 425 929 505 συναπτίον,
958 420 1096 494 ἐθνικόν
1125 424 1196 494 ἐστι
1223 425 1282 492 καί

119 541 431 637 προπιρισπάσθω·
464 539 676 631 Ἡρωδιανὸς
709 543 744 611 ἐν
777 547 851 626 ταῖς
882 540 1037 612 καθόλου
1069 541 1283 634 προσῳδίαις

119 667 176 735 καί
196 665 410 747 Πτολεμαῖος
431 659 512 752 ἔφη·
546 659 577 730 εί
606 663 643 731 δὲ
664 666 711 750 τῷ
734 659 840 754 «οδδὲ
862 658 1013 752 ποιμην”
1038 659 1207 755 συνάψτιί
1227 687 1281 742 τις

9 793 11 799 ⁴
120 784 225 873 λέγων
247 778 267 874 ἢ
291 782 500 877 αδρυσιχοῖος
525 781 565 849 τδ
588 775 668 850 οὐδὲ
690 777 853 870 ποιμήν”,
880 777 1051 869 πρόδηλον
1073 777 1119 862 ὡς
1141 804 1280 870 προπα-

94 898 366 992 ιροξυνθησιται
386 901 444 968 καὶ
471 901 569 988 δηλοῖ
594 899 653 969 τόν
679 898 845 987 βουκόλον
871 896 894 990 ἢ
920 899 979 969 τὸν
1006 895 1168 980 αίπόλον,
1195 898 1283 989 πρὸς

121 1016 201 1092 ὃτδ
222 1021 351 1110 ποιμήν
378 1015 543 1111 ἁρμόδιον
569 1015 814 1110 ἐπαχθήσεται.
857 1017 877 1089 ό
900 1015 1040 1106 πολίτης
1061 1015 1279 1107 Ἐρυοιχαῑος

122 1132 164 1210 οδ
191 1139 340 1230 θηλυκόν
358 1135 531 1227 Ἐρυσιχίς.
576 1138 615 1205 τό
638 1134 721 1208 αι’πό
743 1142 800 1208 καὶ
821 1139 880 1209 ἐπὶ
899 1142 959 1229 τῆς
978 1135 1100 1226 χώρας.

199 1255 350 1347 Ἑρχιά,
380 1258 486 1345 δῆμος
505 1258 565 1344 τῆς
588 1252 757 1348 Ἀττικῆς,
785 1263 845 1348 τῆς
864 1255 1031 1347 Αἰγηίδος
1053 1258 1176 1347 φυλῆς,
1208 1253 1280 1324 άπδ

114 1376 245 1468 Ἕρχίου
263 1380 325 1446 τοῦ
347 1372 535 1456 ξενίσαντος
557 1373 750 1466 Δήμητραν.
793 1371 1027 1464 τρισυλλάβως
1048 1376 1086 1444 δὲ
1106 1374 1186 1455 τούς
1204 1371 1280 1464 Ἕρ-

81 1502 193 1582 ιυχιᾶς
214 1520 329 1587 φασιν.
369 1489 388 1563 ό
411 1490 556 1583 δημότης
579 1493 737 1587 Ἑρχιεύς.
773 1496 831 1565 καί
848 1491 1035 1585 Ἰσοκράτης
1057 1490 1205 1584 Ἑρχιεύς
1227 1485 1278 1582 ἦν.

118 1618 160 1686 τά
179 1615 305 1685 τοπικδ
328 1611 507 1704 Ἑρχιᾶθιν
529 1612 679 1705 Ἑρχιᾶζε
700 1615 757 1684 καὶ
774 1611 957 1704 Ἕρχιᾶσιν.

195 1735 400 1824 Ἓσδητες,
422 1731 525 1814 ἔθνος
544 1731 712 1824 Ἰβηρικόν,
731 1731 908 1815 Ἑκαταῖος
930 1730 1090 1824 Εὐρώπη.

199 1851 409 1944 Ἑσπερία,
441 1850 461 1943 ἡ
492 1849 588 1933 δόσις
617 1854 674 1922 καί
701 1854 740 1923 τδ
770 1855 904 1924 δυτικδν
924 1855 1037 1942 μέρος.
1078 1853 1118 1921 τὸ
1141 1853 1280 1922 ίθνικόν

115 1973 294 2063 Ἑσπέριος
318 1974 376 2043 καὶ
399 1968 639 2061 Ἕσπεριιότης,
677 1973 734 2042 καί
769 1970 943 2064 ἑσπερίτης
973 1969 991 2042 ό
1021 1972 1155 2054 δυτικδς
1183 1972 1277 2063 παρά

82 2093 180 2185 ιττῆν
202 2089 357 2184 ἑσπέραν,
383 2092 443 2182 την
465 2088 571 2160 δύσιν.

198 2209 405 2303 Ἕσπερίς,
427 2206 530 2291 πόλις
551 2209 701 2302 Λιβύης,
725 2207 744 2302 ἡ
768 2216 825 2281 νῦν
845 2210 1053 2301 Βερενίκη.
1093 2207 1112 2281 δ
1134 2209 1278 2300 πολίτης

112 2330 317 2422 Ἕσπτρίτης.
361 2327 578 2414 Καλλίμαχος
607 2331 642 2400 όν
662 2337 733 2414 τοῖς
760 2328 1021 2422 ἐπιγράμμασιν.

120 2649 148 2703 1.
168 2644 213 2724 τῷ
240 2646 282 2716 Η,
312 2638 347 2702 τό
375 2645 449 2701 libri.
567 2637 714 2716 συνάψειε
734 2639 778 2701 Π.
806 2643 873 2703 sort.
894 2637 1054 2718 συνάψεις.
1171 2635 1279 2699 iiam?

118 2731 335 2813 2.Ἡρόδοτυς
354 2736 420 2796 RV.
528 2742 556 2795 3.
577 2733 605 2793 εί
624 2732 658 2793 δὲ
677 2735 722 2816 τῷ
742 2737 779 2807 Η,
799 2733 826 2794 εί
847 2733 881 2795 δέ
899 2733 935 2797 τό
956 2738 1031 2795 libri.
1135 2735 1163 2794 4.
1184 2729 1277 2810 λόγων

116 2821 136 2907 ἢ
157 2827 332 2908 ίρυσιχαΐος
351 2826 386 2888 τό
408 2825 480 2888 οὐδὲ
499 2821 615 2904 ποιμήν
633 2827 736 2898 HRV,
757 2825 852 2906 λέγων
870 2822 889 2907 ἢ
910 2829 1086 2907 ίρυσιχαΐος
1104 2824 1140 2889 τό
1157 2824 1191 2885 δὲ
1204 2819 1276 2885 οὐδὲ

117 2914 232 2998 ποιμήν
250 2924 288 2991 A,
313 2920 408 2998 λέγων
427 2916 500 2979 οὐδὲ
520 2917 695 3000 ἓρυσιχαῖος
714 2917 786 2980 οὐδὲ
805 2916 920 3000 ποιμήν
940 2925 977 2982 Η.
1003 2925 1099 2982 malim
1125 2916 1221 2998 λόγων
1239 2914 1274 2977 τδ

119 3009 214 3095 «οὐδὲ
233 3007 349 3088 ποιμὴν
368 3003 387 3088 ἢ
407 3007 617 3091 ἓρασίχαιος”.
734 3019 763 3074 7.
784 2998 821 3073 οὗ
840 3015 1004 3086 Ρυυιαιίυο,
1027 3011 1063 3074 οδ
1083 3017 1146 3084 RV,
1165 3011 1201 3073 τό
1222 3018 1256 3071 A.

116 3102 325 3186 Ἔρυσιχαιίςί
415 3109 444 3164 8.
460 3098 567 3182 Ἕρχιά
586 3107 626 3175 Μ,
649 3100 770 3181 Ἔρεχία
790 3108 853 3177 RV,
876 3105 1023 3186 Ἔρεχθία
1041 3113 1076 3178 A,
1096 3102 1217 3188 Ἕρχεία
1238 3108 1275 3164 Η.

116 3200 155 3259 de
174 3201 276 3279 spiritu
297 3219 323 3259 v.
346 3201 429 3258 Com.
450 3218 546 3276 graec.
568 3200 624 3259 vol.
645 3205 664 3258 3
683 3221 713 3278 p.
730 3204 794 3258 123.
816 3201 853 3259 de
874 3211 992 3260 accentu
1015 3202 1131 3260 aliunde
1152 3209 1274 3258 constat.

117 3313 235 3371 prorsus
256 3292 404 3352 reicienda
424 3311 509 3369 quam
530 3294 556 3350 H
577 3313 613 3352 ex
634 3294 777 3372 Harpocr.
799 3313 829 3370 p.
847 3298 894 3352 87.
916 3296 1013 3372 posuit
1032 3293 1126 3354 sonna
1143 3288 1274 3372 Ἐρχεία,

117 3403 193 3463 quae
213 3405 308 3462 neque
329 3386 486 3463 legitimum
503 3396 657 3444 accentum
678 3385 766 3445 hahet
784 3404 879 3462 neque
900 3386 937 3444 ad
958 3381 1080 3463 Ἕρχίος
1100 3407 1205 3447 nomen
1226 3407 1274 3446 re-

117 3481 213 3538 vocari
233 3488 339 3557 potest.
429 3483 457 3538 9.
475 3472 597 3554 Ἐρχίου
618 3481 653 3538 L.
673 3478 851 3548 Dindorfius,
868 3473 1004 3557 Ἐρεχίυυ
1023 3483 1088 3551 RV,
1105 3476 1275 3560 Ἐρεχθέως

116 3575 156 3630 A.
229 3565 445 3647 τρισυλλάβως
466 3572 502 3640 V,
527 3564 787 3650 τετρασυλλάβως
806 3574 866 3630 AR.
935 3579 1040 3651 ,9.10.
1058 3569 1182 3652 Ἕρχιιῑς
1202 3574 1274 3631 Din-

117 3662 235 3731 dorfius,
257 3655 397 3741 Ἕρεχίας
414 3664 479 3732 RV,
501 3658 669 3739 Ἐρεχθέος
687 3668 721 3723 A.
839 3672 886 3725 10.
908 3659 1044 3744 Ἐρχιεύς
1063 3669 1100 3738 V,
1125 3661 1275 3745 Ἐρεχιεός
1344 3713 1352 3726 .

114 3756 152 3824 R,
170 3747 345 3829 Ἑρεχδιεάς
364 3757 398 3816 A.
474 3751 610 3833 Ἕρχιεδς
623 3743 661 3835 ᾖν
675 3759 711 3827 V,
728 3751 879 3835 Ἐρεχιιδς
891 3745 929 3836 ἦν
948 3761 984 3827 R,
1002 3747 1228 3837 Ἐρεχθιεδςῆν
1240 3761 1275 3818 A.

118 3850 166 3904 11.
184 3839 349 3921 Ἐρχιᾶθεν
364 3842 500 3923 Ἕρχιᾶζε
518 3838 674 3928 Ἑρχιᾶσίν
694 3853 730 3920 V,
752 3844 932 3928 Ἐρεχιᾶθεν
953 3846 1102 3930 Ἔρεχίαζε
1123 3850 1172 3911 καί
1197 3847 1275 3929 Έρε·

113 3936 220 4012 χιᾶσιν
238 3938 275 4005 R,
292 3931 498 4016 Ἐρεχθιᾶθεν
515 3936 690 4021 Ἐρεχθίσζε
711 3939 763 4001 καί
780 3937 978 4019 Ἐρεχθιᾶσιν
996 3948 1031 4003 A.
1125 3951 1170 4004 12.
1192 3939 1273 4024 άρχὴ

116 4029 173 4086 τοῦ
199 4023 237 4097 ις’
260 4027 384 4104 βιβλίου
412 4041 480 4092 ante
508 4024 656 4113 Ἕσδητες
679 4034 755 4094 HR.
867 4027 1015 4114 Ἕσδητες
1042 4041 1082 4108 Η,
1111 4038 1275 4097 Sedetanos

118 4121 176 4178 dici
194 4131 272 4180 recte
293 4124 469 4183 existimans.
490 4124 619 4204 Εῐδητίς
635 4130 709 4187 libri.
838 4135 942 4189 1213.
961 4123 1112 4208 Εδριόκης
1132 4125 1275 4208 ἱσπερίας

116 4233 170 4291 pro
201 4208 347 4292 Εὐρώπῃ.
373 4209 519 4292 Ἑσπερία
550 4221 630 4298 ΡρΗ.
764 4225 813 4282 14.
832 4215 1053 4300 Ἕσπεριιότης]
1074 4217 1276 4303 Ἕσπεριάτης
1379 4235 1380 4238 ’

117 4303 219 4364 HRV.
327 4311 374 4366 16.
395 4304 542 4386 Βερενίκη
568 4312 635 4380 RV,
665 4310 814 4391 Βερονίκη
840 4317 872 4373 A.
991 4321 1038 4376 17.
1059 4315 1274 4394 Καλλίμαχος]

116 4397 217 4478 Epigr.
238 4403 286 4458 39.
