2888 5084
627 221 701 294 143

163 399 319 493 Ἀτραι,
342 398 444 482 πόλις
465 402 589 485 μεταξύ
604 397 785 491 Εὐφράτου
807 401 863 468 καὶ
878 400 1054 490 Πίγρητος,
1072 397 1247 490 Ἀρριανὸς

85 518 363 611 ἑπτακαιδεκάτῳ
386 525 584 608 Παρθικῶν.

167 639 208 709 Ἀ
212 645 423 731 τραμῖται,
439 638 541 722 ἔθνος
552 645 611 728 τῆς
626 636 825 722 εὐδαίμονος
836 636 1005 727 Ἀραβίας,
1022 635 1068 719 ῶς
1081 633 1245 725 Οδρύνιος

84 763 120 829 ἐν
137 759 233 850 τρίτῃ
250 758 447 846 Ἀραβικῶν.
479 756 721 849 Ἀρτεμίδωρος
737 754 985 845 Ἀτραμωτίτος
1001 755 1123 838 αύτούς
1138 759 1244 825 καλεῖ.

161 875 312 966 ’Ἀτραξ
332 882 389 949 καὶ
405 875 609 963 Ἀτρακία,
632 872 734 956 πόλις
757 875 947 958 Θεσσαλίας
965 882 1024 965 τῆς
1045 871 1269 962 Πελασγιώ-ε

82 1002 180 1079 τιδος
201 996 335 1088 μοίρας.
369 994 498 1086 ἐκλήθη
521 991 591 1064 σἰπό
606 990 769 1081 Ἀτροκος
790 1001 850 1063 τοῦ
873 1001 1021 1085 Πηνειοῦ
1041 994 1099 1062 καὶ
1114 998 1245 1082 Βουρᾶς

86 1120 218 1198 παιδός
231 1123 421 1187 κτισθεῖσα.
448 1119 488 1184 τό
506 1115 643 1185 ἐθνικόν
654 1111 829 1203 Ἀτρόκιος
843 1115 900 1181 καί
915 1114 1065 1203 θηλυκόν
1077 1109 1245 1202 Ἀτρακία,

84 1238 143 1304 καὶ
163 1231 290 1326 ’Ἀτραξ
317 1233 496 1326 ὁμόφωνον
523 1240 565 1326 τῇ
593 1231 704 1302 πόλει.
748 1230 942 1323 Λυκόφρων
971 1231 1052 1326 ακαί
1073 1233 1247 1320 δευτέρους

83 1353 249 1448 ἔπεμψαν
262 1348 427 1444 Ἀτρακας
444 1350 599 1434 λύκους”.
632 1353 720 1433 τινὲς
742 1354 780 1422 δὲ
796 1353 855 1421 διὰ
870 1357 931 1422 τοῦ
947 1350 1113 1441 γύιιλιναν
1124 1347 1247 1439 Ἀτρα-

84 1501 160 1562 γος,
192 1469 239 1553 ῶς
260 1467 412 1551 Εόπολις
444 1471 517 1566 «εἷς
538 1468 686 1564 Ἀτραγα
712 1468 873 1558 νύκτωρ”.
917 1470 1069 1542 ἐίντικαὶ
1093 1468 1246 1559 Ἀτρακίς
1259 1507 1285 1546 10

85 1590 249 1682 θηλυκόν.

169 1707 285 1799 Ἀτρή
293 1738 350 1798 νη,
381 1709 484 1792 πόλις
561 1709 817 1802 Φιλοστέφανός
838 1733 941 1802 φησιν
963 1706 1034 1777 ἀπὸ
1057 1710 1171 1778 Δέσου
1192 1710 1249 1777 καὶ

84 1830 252 1919 Ἀτρῶνος
267 1830 324 1899 καὶ
338 1826 505 1919 Ἀτρήνης,
527 1835 594 1896 τῶν
607 1824 767 1919 Ἀργητος
788 1834 848 1897 τοῦ
869 1825 1058 1910 Κύκλωπος
1079 1827 1136 1896 καὶ
1159 1835 1248 1914 Φρυ-

87 1950 164 2040 γίας
200 1947 345 2039 νύμφης,
381 1953 689 2040 προσηγορεῦσθαι.
736 1950 776 2016 τό
814 1947 953 2018 ἐθνικόν
981 1942 1155 2036 Ἀτρηνεύς
1192 1947 1250 2014 καὶ

81 2069 274 2160 Ἀτρηνίτης
299 2068 356 2136 καί
371 2063 575 2156 Ἀτρηναῖος.
955 2141 961 2151 ‚
1260 2097 1285 2140 u

168 2186 320 2278 Ἀτρία,
350 2185 450 2267 πόλις
476 2183 672 2277 Τυρρηνίας,
695 2185 891 2278 Διομήδους
912 2186 1043 2270 κτίσμα.
1086 2190 1249 2272 χειμῶνος

90 2303 299 2390 πλεύσαντος
325 2308 383 2376 καὶ
407 2306 492 2390 μετὰ
519 2305 560 2374 τὸ
582 2308 799 2395 διασωθῆναι
818 2306 961 2374 καλέσαι
981 2303 1148 2395 Αίθρίον.
1192 2307 1249 2375 καὶ

91 2423 302 2514 παρεφθιίρη
325 2425 418 2513 παρὰ
439 2430 510 2503 τοῖς
536 2421 723 2515 βαρβάροις
750 2425 789 2492 τό
817 2418 935 2508 όνομα.
980 2421 1051 2491 ἔστι
1080 2426 1137 2493 καί
1164 2419 1248 2512 ι’ίλλη

92 2543 196 2626 πόλις
225 2548 352 2626 Βοιῶν,
383 2541 505 2625 ἔθνους
534 2545 712 2612 Κελτικοῦ.
755 2544 795 2610 τό
825 2545 963 2612 ἒθνικδν
990 2539 1165 2631 Ἀτριανός
1191 2544 1249 2610 καὶ

86 2661 239 2752 Ἀτριεύς
258 2665 315 2732 καί
332 2659 514 2752 Ἀτριότης.
558 2657 695 2748 ύίμεινον
717 2662 755 2730 δὲ
776 2663 816 2729 τὸ
838 2668 985 2752 πρῶτον·
1015 2657 1165 2751 συνήθης
1185 2661 1287 2750 γὰρτυ

88 2783 228 2855 Ἰταλῶν
249 2777 269 2851 ό
290 2778 396 2864 τύπος
419 2779 437 2852 ὁ
460 2783 520 2850 διδ
540 2787 601 2850 τοῦ
622 2785 720 2861 υἷος.
1096 2783 1098 2786 ’

174 2898 422 2988 Ἀτροπατία
442 2901 499 2970 καὶ
514 2897 801 2990 Ἀτροπύτιος,
825 2897 847 2990 ἢ
868 2905 928 2990 τῆς
949 2899 1088 2990 Μηδίας
1110 2901 1249 2991 δευτέρα

94 3193 120 3244 1.
134 3181 293 3262 Πίγρητος
306 3185 369 3254 RV,
393 3182 544 3264 Τίγρητος
558 3191 591 3246 A.
614 3189 650 3247 de
664 3185 785 3266 Πίγρης
805 3187 1022 3268 supradictum.
1102 3191 1130 3243 3.
1146 3177 1250 3261 Ἀτρα-

90 3275 216 3354 μῶειιιλ
236 3287 303 3334 uum
316 3278 403 3336 iidem
417 3283 467 3356 qui
482 3281 553 3338 alias
569 3283 701 3339 dicuntur
712 3280 940 3356 Χατραμιῦται.
962 3279 1000 3338 cs.
1012 3300 1035 3337 s.
1048 3299 1073 3336 ν.
1084 3271 1255 3353 Ἀβασηνοί

92 3383 122 3430 et
142 3369 371 3447 Χατριιμῶται.
449 3377 477 3430 6.
496 3367 641 3452 Βούραςλ
716 3380 745 3434 7.
759 3366 934 3451 Ἀτρόκιος]
956 3371 1151 3430 Callimachus
1172 3371 1251 3452 apud

94 3463 186 3522 Belli.
208 3463 262 3520 An.
284 3481 327 3538 gr.
348 3484 377 3541 p.
400 3467 490 3524 1346:
509 3458 668 3545 Ἀτρόκιον
694 3463 728 3524 δι’
752 3460 855 3524 ἔπειτα
881 3466 951 3542 (leg.
973 3459 1001 3522 δ’
1023 3459 1145 3541 ἥπατα)
1166 3465 1251 3522 λυκο-

92 3550 201 3612 σπιίδα
222 3554 326 3612 πῶλον
344 3549 472 3613 ἐλαύνει.
594 3563 623 3618 8.
642 3553 840 3637 Λυκόφρων]
864 3579 903 3617 vs.
926 3563 1009 3619 1309.
1037 3561 1084 3617 ubi
1109 3548 1252 3636 ἅρπαγας

93 3649 227 3706 aditure
247 3647 397 3726 Stephano
418 3649 629 3727 corrigendum.
721 3659 749 3710 a.
771 3648 804 3709 δι’
824 3673 880 3711 oin.
901 3653 965 3710 RV.
1054 3656 1102 3709 10.
1116 3644 1251 3728 Ἀτρυγα

92 3741 129 3799 V.
255 3744 302 3798 12.
321 3733 469 3819 Ἀτρήνη]
499 3744 545 3802 De
570 3747 691 3810 Artena,
720 3744 891 3802 Volscorum
920 3745 963 3803 vel
988 3743 1151 3804 Veientium
1182 3748 1252 3802 urbe

93 3835 170 3908 (Liv.
184 3834 213 3902 l,
228 3829 290 3900 61),
310 3853 411 3910 parum
426 3837 614 3914 probabiliter
627 3835 762 3912 iutelligit
778 3837 814 3894 B.
835 3839 945 3895 interim
968 3838 1100 3895 lacunam
1117 3838 1251 3896 indicavi.

91 3923 198 3986 Δι’σου
220 3922 324 3993 fluv,
343 3921 471 3986 Δεύσου
489 3931 524 3988 A.
615 3934 662 3987 13.
676 3923 826 4006 Ἀτρήνης
844 3931 906 3987 τῶν
925 3931 1095 4000 Salmasius,
1110 3923 1252 4006 Ἀτρηνη·

93 4020 177 4078 στιῦν
197 4019 274 4076 libri.
346 4025 393 4078 17.
414 4013 603 4091 πνεύσαντος
622 4022 791 4080 Salmasius.
809 4023 919 4081 malim:
939 4017 1120 4100 Διομήδους
1139 4020 1253 4096 κτίσμα

88 4113 219 4186 χειμῶνι
239 4105 429 4181 πλεύσαντος
448 4111 498 4170 καὶ
517 4110 595 4188 μετὰ
617 4111 651 4174 τό
673 4113 869 4188 διασωθῆναι
890 4111 1076 4184 καλέσαντος
1094 4111 1253 4192 (καλαίσαι

93 4205 133 4276 R)
153 4200 309 4281 Αλθριάν.
417 4210 464 4266 19.
483 4203 588 4264 Βοιῶν
607 4208 671 4275 RV,
691 4204 839 4264 Βοιωτῶν
856 4212 890 4264 A.
997 4215 1045 4270 20.
1060 4200 1196 4286 Ἀτριεύς
1217 4209 1254 4276 Η,

86 4289 214 4374 Ἀτρεύς
234 4298 308 4356 libri.
380 4289 545 4374 Ἀτριιίιης
565 4297 668 4368 fluv,
682 4293 836 4376 Ἀτριίτης
857 4301 889 4356 A.
968 4305 1015 4359 22.
1036 4293 1254 4377 Ἀτροπύτισνλ

94 4385 242 4464 Μηδείας
262 4390 326 4448 RV.
