2880 5078
617 277 663 350 81

52 452 221 545 Βοιωτίᾳ.
266 451 339 524 ἔστι
366 455 424 523 καλ
453 456 487 525 ἐν
509 454 659 548 Βιθυνίᾳ
680 458 840 540 Μαζαῖον
863 459 949 528 κατὰ
972 458 1221 550 παραφθοριῖν,

52 570 97 655 ὧς
121 571 305 666 Ἀρριανὸς
333 574 369 645 ἐν
390 580 623 656 Βιθυνιακοῖς.
668 575 708 644 τό
730 575 867 647 ἕθνικόν
889 574 1053 662 Μαζαιός
1076 574 1123 659 αῖς
1146 587 1221 648 Μι-

52 691 157 773 δαεός
179 694 239 762 καλ
261 689 467 782 Δορυλαεός.

134 809 375 896 Ἀμαζόνες,
403 809 507 892 λ’θνος
528 819 715 900 γυναικεῖον
737 814 823 903 πρός
844 819 892 904 τηῖ
915 811 1144 904 Θερμώδοντι,
1172 811 1220 898 οῖς

44 924 209 1019 Ἔφορος,
231 924 273 1012 λίς
289 937 346 1000 νῦν
360 927 618 1019 Σαυροματίδας
631 934 784 1001 καλοῦσι.
821 935 932 1026 αφασὶ
954 935 992 1004 δὲ
1013 935 1092 1023 περὶ
1108 931 1242 1006 αι’πιῖνῡ
1332 937 1336 944 ’

52 1049 105 1118 ὅτι
133 1053 178 1140 τῇ
207 1047 310 1141 φύσει
335 1054 403 1119 τοῖν
429 1044 559 1137 ἀνδρῶν
581 1050 788 1140 διαφέροιεν,
811 1048 1007 1136 αίτιαῖμενοι
1028 1056 1089 1120 τοῦ
1109 1049 1218 1122 τόπου
1297 1135 1307 1156 ⁴

53 1169 113 1257 τὴν
135 1171 266 1257 κρᾶσιν,
289 1165 335 1249 ὡς
357 1171 471 1257 γεννᾶν
494 1164 661 1249 εἰωθότος
681 1170 723 1237 τιλ
740 1167 853 1259 θήλεα
869 1167 1009 1255 σώματα
1026 1166 1219 1261 ἰσχυρότερα

54 1289 108 1356 καλ
131 1287 239 1373 μείζω
261 1293 328 1355 τοῖν
350 1283 543 1376 ιλρσενικαῖν.
587 1287 651 1376 ἕνα)
680 1289 718 1357 δὲ
745 1288 887 1379 φυσικόν
910 1288 1033 1375 νομίζω
1055 1289 1097 1357 zoi
1119 1291 1217 1360 κοινσλ

54 1406 190 1476 πόντων
212 1403 328 1494 πάθη,
353 1402 427 1475 ὥστ’
452 1399 576 1493 δι’λσγος
597 1401 617 1496 ἡ
642 1403 745 1475 αλτία.
786 1408 1008 1497 πιθανωτέρα
1030 1403 1063 1477 δ’
1087 1405 1128 1496 ἤν
1149 1433 1215 1498 φα-

54 1553 104 1596 σιν
147 1523 183 1594 οῖ
221 1520 463 1615 πλησιόχωροι.
522 1521 557 1590 ολ
593 1524 656 1614 γιλρ
692 1522 910 1613 Σαυρομάται
947 1525 984 1606 ἐξ
1019 1522 1121 1614 ἀρχῆς
1156 1527 1254 1596 ε’πλιο

54 1646 110 1734 την
132 1639 303 1733 Εὐρώπην
334 1637 591 1733 στρατεύσαντες
621 1644 678 1711 καὶ
707 1640 831 1722 πάντες
861 1644 1125 1732 διαφθαρέντες,
1155 1645 1216 1725 τὰς

56 1768 210 1852 γυναῖκας
244 1755 350 1842 οῖσας
381 1757 595 1845 μόνας
626 1761 684 1828 καλ
716 1757 930 1849 αὖξησιλνιων
959 1764 1026 1827 ταῖν
1059 1757 1215 1851 ἀρρένων,

57 1879 240 1953 στασιάσαι
262 1880 349 1971 πρός
369 1881 430 1962 τός
450 1885 619 1968 γυναῖκας,
650 1874 883 1967 ὑπερεχουσιῖν
904 1879 943 1948 δὲ
964 1883 1030 1946 τιῖν
1051 1883 1216 1968 γυναικοῖν

60 2007 262 2093 καταφυγεῖν
295 1999 375 2082 τοιλς
409 1993 550 2090 όλρρενας
585 1996 632 2080 εἷς
666 1992 772 2066 δασύν
802 2023 879 2064 τινα
904 1994 1013 2066 τόπον
1040 1999 1097 2066 καλ
1124 1994 1214 2068 ιλτιο-

58 2122 194 2191 λε’σδσι.
240 2123 452 2210 φοβηθεῖσαι
478 2119 517 2187 δὲ
545 2113 592 2206 μή
622 2142 696 2196 πως
724 2111 797 2184 ιλπό
824 2120 890 2183 τιῖν
912 2117 1079 2206 νεωτέρων
1107 2144 1249 2202 τιμω-ιι

58 2241 110 2328 ρίσ
140 2267 196 2321 τις
224 2239 375 2328 γένηται,
408 2232 516 2326 δόγμα
545 2232 708 2324 ἐποίησαν
736 2231 820 2302 ὥστε
848 2234 891 2302 τό
918 2235 1004 2323 με’λη
1033 2243 1215 2330 συντρῖψαι

58 2362 110 2429 καλ
134 2358 265 2444 χωλοιλς
286 2352 417 2437 πάντας
437 2351 619 2444 ποιῆσαι”.
663 2353 839 2421 ἐκαλοῦντο
863 2353 900 2422 δι’
922 2353 979 2421 καλ
999 2353 1214 2444 Σαυροπατί-

59 2483 111 2561 δες
138 2477 235 2568 παρσλ
260 2475 300 2544 τό
329 2469 455 2562 σαύρας
483 2477 601 2542 πατεῖν
628 2472 685 2539 καλ
711 2469 858 2551 ἐσθίειν,
886 2465 907 2559 ἢ
930 2470 1212 2561 [Σαυροματίδες]

60 2598 113 2666 διὰ
141 2599 184 2666 τό
214 2593 249 2666 ἐν
276 2599 319 2686 τῇ
347 2595 582 2683 Σανροματικῇ
609 2585 742 2678 Σκυθίᾳ
772 2588 883 2658 οἰκεῖν.
927 2586 1000 2658 λὀτι
1029 2589 1087 2656 καὶ
1108 2586 1214 2673 Ἅμα-

61 2715 150 2800 ζονία
182 2711 284 2794 πόλις
314 2707 534 2790 Μεσσαπίας.
584 2710 715 2796 λέγεται
750 2708 806 2775 καλ
833 2704 988 2790 Ἀμαζιόν
1020 2703 1211 2797 ἀρσενικῶς.
1225 2735 1252 2774 ιο

61 2925 257 2936 ----

63 3051 86 3102 1.
103 3036 286 3115 Μαζιίιιονῖ
364 3046 391 3098 2.
412 3035 562 3114 Μαζιιιός
582 3041 750 3110 Salmasius,
771 3033 934 3112 Μαζαιιός
953 3041 1027 3096 libri.
1108 3044 1136 3096 3.
1150 3037 1213 3097 Μι-

1 3209 2 3224 η
63 3132 147 3205 δοιός
166 3136 207 3204 R,
237 3126 403 3202 Μιδιικιός
422 3135 483 3191 AV.
599 3126 782 3209 Δορυλαειίς
800 3133 841 3200 li,
869 3121 1053 3204 Δοροαλιός
1072 3129 1135 3186 AV.

64 3233 87 3287 5.
103 3221 242 3308 Ἔφορος
267 3227 311 3293 X,
343 3218 488 3306 Εόηορος
513 3227 588 3284 libri.
710 3217 952 3301 Σαυροπατίδος
975 3214 1020 3277 Π.
1136 3217 1216 3298 φασλ

64 3319 103 3398 δι]
129 3323 255 3380 Videtur
273 3329 335 3375 tota
354 3319 426 3377 haec
451 3321 650 3396 expositio-ex
669 3317 787 3395 Ephoro
807 3315 893 3372 dueta
913 3332 989 3372 esse.
1105 3315 1134 3370 7.
1154 3329 1214 3388 γεν-

1 3393 2 3428 ³
63 3415 196 3474 rasorV.
316 3405 563 3488 ίοχοριότεραλλ.
680 3415 708 3469 8.
730 3404 861 3518 φυσικόν
880 3405 994 3514 PpRV‚
1021 3399 1195 3483 φασικιλλ.

1 3550 4 3573 .
62 3510 129 3567 811.
151 3501 267 3580 νομίζω
294 3498 330 3561 τό
354 3498 441 3560 κοινιλ
467 3498 591 3560 πάντων
616 3494 691 3561 ιίναι
715 3496 754 3557 τιλ
778 3491 888 3574 milvi
913 3500 968 3556 nisi
986 3497 1083 3577 potius
1104 3495 1215 3572 aliquid

1 3581 4 3602 Ι
63 3599 174 3657 excidit:
200 3595 261 3704 ι’γφ
250 3591 316 3653 δὲ
337 3587 401 3668 [oti]
423 3589 555 3675 φυσικόν
575 3591 686 3670 νομίζω
707 3587 745 3650 τιλ
765 3585 852 3648 κοινιλ
872 3580 997 3646 πάντων
1016 3580 1105 3663 πάθη
1127 3579 1213 3665 [παρ’

61 3685 175 3758 ίκιίνοις
204 3681 314 3763 μόνοις
341 3681 557 3762 ἠλλοιῶσθαι]
596 3672 1129 3760 es.1’r0c0p.13.G.4,3.1111
1160 3698 1215 3754 μοι

62 3781 178 3843 δοκοεσι
199 3773 341 3856 μάλιστα
361 3772 485 3836 πάντων
504 3773 544 3838 τά
560 3799 592 3858 γε
610 3797 690 3837 κατα
678 3765 946 3848 τιλςἈμιιζόνας
966 3766 1020 3840 ’ξιλν
1039 3789 1083 3850 την
1068 3764 1221 3846 ἀληθεῖ

60 3871 127 3986 llys?
154 3871 267 3939 ιίπιῖν,
295 3860 364 3928 ὅσοι
388 3864 511 3980 λ’φιισφν
536 3863 696 3930 οὐπώποτε
721 3861 806 3942 γένος
828 3863 980 3974 ηονοικιῖν
1006 3855 1146 3938 ἀνδρεῖον
1171 3879 1214 3939 φι-

61 3964 180 4042 μνίναι,
211 3957 284 4022 οὐδ’
307 3955 377 4020 ίν
359 3982 454 4040 οριιι
456 3957 528 4020 ιόνω
549 3964 593 4043 ‘ii'
613 3955 786 4038 Κανκιιοιίο
805 3953 863 4033 τὴν
882 3955 944 4013 τῶν
963 3947 1140 4029 ἀνθρώπων
1161 3946 1216 4033 φιλ·

60 4078 97 4117 σιν
114 4058 251 4134 θεσμῶν
271 4055 335 4113 ταῖν
355 4051 432 4112 οίκεί
430 4075 474 4112 ων
493 4023 540 4125 iil
538 4055 688 4113 στοσθαι.
800 4055 848 4108 12.
868 4049 999 4104 lacunam
1020 4047 1155 4104 indicavit
1174 4047 1216 4104 Μ.

61 4157 95 4212 11.
115 4148 195 4229 πρὸς
216 4144 293 4215 τοὺς
315 4137 489 4224 ιλνδροςΒ.
510 4167 548 4206 an
568 4142 645 4223 πρὸς
666 4139 808 4218 [αὐτοὺς]
828 4137 900 4208 uic?
999 4143 1045 4198 15.
1067 4133 1216 4215 φοβηθιί·

61 4263 106 4314 σας
128 4247 164 4303 R.
304 4244 352 4298 17.
374 4245 421 4320 18.
443 4235 679 4316 Σαυροματίδις
704 4233 772 4310 πιρλ
798 4235 834 4292 V.
962 4237 1008 4292 18.
1029 4224 1218 4288 πατιῖσδαιλ

63 4331 289 4416 Σανρομιιτίδις
310 4331 380 4390 add.
402 4331 570 4392 Salmasius.
662 4335 710 4390 20.
730 4322 902 4394 Μισοπιάς
921 4325 995 4382 libri.
1076 4311 1218 4394 Ἅμαζιόν

64 4427 291 4511 &pauperculo
314 4424 422 4484 dictum
442 4445 490 4504 ap.
511 4427 605 4500 Etym.
621 4424 663 4482 Μ.
682 4443 713 4500 p.
705 4425 775 4492 7.5,
789 4425 837 4482 53.
858 4419 971 4478 videtur
991 4413 1092 4473 comici
1111 4419 1217 4488 poetae

91 4537 170 4596 steph.
184 4537 289 4594 nunni
1000 4509 1018 4562 6
