2866 5092
769 235 947 342 30'

214 445 433 540 Ἀδρόμψος,
468 452 528 537 τῆς
563 451 692 535 γενικῆς
720 445 953 536 παραχθείσης
986 445 1034 528 εἰς
1064 444 1217 530 εὐθεῖαν,
1251 451 1309 518 καὶ
1334 451 1376 520 τδ

104 643 106 646 ,
220 567 357 638 δθνικόν
380 563 610 656 Ἀδρυμήτιος,
632 559 679 647 ῶς
698 552 872 655 Βηρίδισς.
910 559 1047 650 άμεινον
1067 567 1107 634 τό
1129 563 1296 656 Ἀδρύμης
1319 570 1377 636 καί

172 698 177 706 ’
216 682 449 776 Ἀδρυμήσιος.
506 683 541 754 αλ
570 685 632 774 γάρ
664 680 735 754 άπό
764 689 895 772 γενικῆς
925 681 1061 754 εὐθεῖαι
1091 682 1167 767 δίχα
1197 691 1377 774 ποιητικῆς

218 805 375 898 φράσεως
402 799 646 875 σπανιάταται.
788 793 790 800 ’

193 941 206 980 ⁵
297 921 455 1014 Ἀδρυξ,
483 918 529 1003 ῶς
548 915 662 1011 Ἔρυξ,
691 917 885 1010 άρσενικῶς,
916 918 1018 1001 πόλις
1046 920 1292 1008 Συρακουσίων.
1333 922 1373 990 τό

218 1041 355 1113 ιἰθνικόν
383 1039 587 1130 Ἀδρυκῖνος,
622 1035 668 1121 ῶς
698 1037 863 1136 Ἐρυκῐνρς
888 1044 948 1128 τῆς
967 1034 1108 1128 ’Ἐρυκος
1136 1045 1280 1129 γενικῆς,
1316 1040 1397 1116 καί.

212 1159 398 1251 Ἀδρακίνη,
422 1154 471 1240 ῶς
488 1156 637 1247 Ἐρυκίνη
653 1155 847 1248 Ἀφροδίτη.

297 1276 608 1368 Ἀδυρμαχίδαι,
630 1277 787 1362 Λιβυκόν
808 1274 925 1356 ἔθνος,
949 1272 996 1357 ῶς
1012 1272 1211 1365 Ἡρόδοτος.

294 1396 334 1466 Ἀ
341 1395 444 1485 ερία,
467 1392 691 1485 ῆΑίγυπτος,
713 1394 807 1482 παρά
822 1395 880 1462 τόν
895 1390 991 1484 άίρα.
1024 1395 1164 1520 midde
1185 1390 1370 1484 ῆερόεσσαν

181 1543 207 1582 ιο
219 1513 322 1606 αἰπήν
338 1539 453 1606 φασιν.
487 1509 521 1580 ολ
536 1507 718 1601 άνδρωποι
732 1509 869 1598 Ἀίριοι,
890 1513 948 1581 καί
963 1509 1120 1602 Ἀερίτης,
1142 1515 1177 1583 ἐκ
1198 1521 1259 1604 τῆς
1273 1511 1373 1603 δέρος

216 1639 356 1726 γενικῆς.
401 1630 473 1701 ἔστι
502 1632 558 1699 καί
585 1630 730 1720 Κελτική
760 1629 862 1711 πόλις
884 1627 1014 1718 Ἀερία,
1044 1627 1090 1712 ῶς
1113 1628 1372 1721 Ἀπολλόδωρος

216 1751 252 1824 λυ
269 1754 429 1844 χρονικῶν
449 1747 605 1839 τετάρτῳ.
649 1747 720 1820 ἔστι
741 1749 798 1816 καὶ
820 1742 905 1838 άλλη
926 1746 1061 1838 Κρήτης
1089 1747 1149 1818 οὐκ
1178 1745 1321 1839 άσημος,
1350 1742 1371 1837 ή

216 1870 347 1962 ἐλέγετο
375 1875 475 1960 νῆσος
502 1867 617 1959 Ἀερία
645 1870 702 1936 καί
727 1864 836 1937 Ἰδαία
862 1867 918 1938 καὶ
946 1867 1073 1956 Δολίχη
1101 1870 1160 1968 δρά
1188 1869 1227 1938 τδ
1254 1855 1371 1958 μῆκος.

216 1991 337 2060 ἐθνικά
361 1989 404 2056 τά
427 1983 523 2056 αὐτά.

180 2135 205 2174 ιε
299 2103 479 2189 Ἀζανία,
506 2104 608 2194 μέρος
628 2108 687 2191 τῆς
709 2081 902 2192 Ἀρκαδίας,
927 2100 997 2173 άπδ
1013 2101 1153 2188 Ἀζᾶνος
1174 2111 1235 2173 τοῦ
1249 2101 1369 2192 Ἀρκά-

216 2231 286 2310 δος.
329 2222 362 2292 οἳ
395 2219 564 2312 οἰκήτορες
593 2217 728 2305 Ἀζᾶνες
759 2224 816 2291 καὶ
846 2221 990 2313 Ἀζῆνες.
1040 2224 1096 2290 καί
1126 2220 1281 2306 Ἀζάνιος
1315 2224 1370 2290 καί

208 2342 347 2429 Ἀζανία
368 2341 425 2408 καὶ
441 2338 605 2424 Ἀζάνιον.
647 2337 798 2424 Εἰίδοξος
825 2343 864 2412 δὲ
885 2342 920 2411 ἐν
942 2341 1017 2433 ἕκτη
1039 2347 1099 2431 γῆς
1120 2339 1285 2431 περιόδου
1307 2367 1369 2432 φη-

215 2462 268 2533 σίν
291 2459 384 2555 «ἔστι
408 2457 508 2548 κρήνη
528 2463 587 2547 τῆς
603 2457 765 2548 Ἀζηνίας,
787 2453 906 2550 ῆτοός
927 2461 1147 2548 γευσαμένους
1166 2465 1226 2529 τοῦ
1247 2460 1370 2538 όδατος

215 2585 312 2650 ποιεῖ
335 2580 420 2668 μηδὲ
446 2579 506 2670 τήν
533 2575 640 2667 όσμῆν
665 2584 726 2646 τοῦ
749 2577 843 2647 οἴνου
865 2576 1064 2662 ἀνέχεσθαι,
1094 2575 1141 2658 είς
1167 2571 1207 2666 ῆν
1234 2580 1369 2664 λέγουσι

177 2731 203 2769 ευ
215 2697 446 2784 Μελάμποδα,
471 2697 526 2768 ὅτε
547 2697 607 2782 τάς
623 2696 808 2788 Προιτίδας
831 2693 1023 2782 ἐκάθαιρεν,
1047 2693 1204 2783 ἐμβαλεῖν
1220 2696 1263 2764 τά
1281 2692 1368 2765 άπο-

213 2813 456 2901 καθάρματα”.
502 2814 573 2886 ἔστι
602 2817 640 2886 δὲ
660 2823 762 2905 μοῖρα
783 2821 842 2906 τῆς
859 2813 1038 2904 Ἀρκαδίας
1059 2811 1080 2905 ή
1098 2812 1248 2898 Ἀζανία.
1293 2813 1369 2908 διή-

213 2961 311 3026 ρηται
333 2937 371 3004 δδ
393 2933 441 3015 εἷς
461 2934 547 3020 τρία,
571 2934 790 3023 Παρρασίους
806 2931 948 3017 Ἀζάνας
973 2931 1271 3021 Τραπεζουντίους.
1314 2933 1371 3000 καὶ

211 3165 413 3177 ——————

212 3307 239 3362 ³.
261 3293 469 3378 Ἀδρυμήσιυς
488 3297 592 3370 HRV,
617 3295 825 3377 Ἀδραμόσιος
844 3304 878 3361 Α.
919 3305 1004 3361 tertia
1030 3312 1182 3380 praeterea
1206 3302 1301 3359 forma
1326 3311 1369 3360 est

205 3390 441 3472 Ἀδρυμητῖνυς,
470 3413 523 3470 pro
549 3413 606 3470 quo
632 3395 697 3472 pius
718 3395 806 3453 semei
825 3388 1048 3474 Ἀδρυμητινός
1068 3397 1205 3472 scriptum
1225 3404 1270 3451 est
1290 3395 1370 3473 apud

210 3488 368 3545 Diodorum
382 3485 558 3552 sie.20,17.
581 3505 655 3560 quae
675 3487 767 3544 forma
788 3507 845 3544 non
865 3491 957 3546 minus
978 3489 1080 3544 vitiosa
1100 3496 1145 3544 est
1161 3505 1245 3562 quam
1259 3479 1369 3562 Ἀδρα·

209 3570 354 3654 μυττινός
374 3595 427 3654 μευ
440 3569 692 3653 Ἀδραμυττηνός
711 3579 841 3656 pluribus
857 3582 927 3637 iocis
944 3579 1023 3656 apud
1035 3578 1216 3636 Eusiathium
1231 3577 1269 3634 ad
1283 3579 1368 3636 Hom.

210 3693 240 3749 p.
253 3671 309 3730 619
330 3668 460 3744 aliosque
481 3671 559 3748 apud
579 3669 755 3728 Lobeckium
766 3672 859 3730 wath.
880 3693 909 3750 p.
922 3673 990 3730 243.
1023 3731 1025 3736 ,
1068 3673 1097 3730 5.
1118 3665 1286 3746 ἀρσενικῶς
1304 3670 1370 3736 RV,

211 3751 371 3840 ῶρσενικόν
390 3762 424 3818 Α.
523 3766 552 3821 8.
566 3755 792 3836 Ἀδυρμαχίδαι
816 3766 948 3831 Vossius,
968 3758 1148 3839 Ἀδυρχίδαι
1166 3763 1208 3829 R,
1229 3753 1370 3836 Ἀδαρχί-

211 3853 263 3913 δαι
283 3853 343 3911 AV.
437 3845 623 3930 Ἡρόδοτος]
644 3855 671 3920 4,
693 3858 758 3914 168.
862 3861 889 3914 9.
910 3852 1034 3931 βιβλίον
1053 3846 1196 3929 δεύτερον
1215 3850 1282 3911 HR
1302 3864 1369 3911 ante

204 3941 317 4025 Ἀερία.
402 3949 448 4004 12.
470 3939 602 4024 δευτέρῳ
622 3945 656 4003 P.
740 3951 786 4004 13.
807 3937 926 4020 Δολιχή
948 3946 1021 4002 libri.
1106 3949 1153 4006 15.
1171 3937 1294 4015 Ἀζᾶνος
1313 3946 1371 4003 τοῦ

210 4040 247 4108 Β,
266 4032 411 4109 Ἀζανοῦς
430 4038 485 4112 τῆς
504 4037 565 4106 AV,
587 4031 717 4108 Ἀζανοῦ
736 4037 791 4112 τῆς
810 4039 846 4096 R.
955 4043 1001 4097 17.
1016 4030 1159 4112 Ἀζάμιον
1177 4039 1214 4096 R.
1314 4039 1370 4115 τῆς

210 4151 264 4209 pro
283 4130 341 4207 γῆς
360 4132 397 4188 V.
504 4134 550 4189 19.
572 4124 655 4186 οίνου
676 4131 711 4196 Χ,
731 4119 847 4198 ὕδατος
865 4133 939 4189 libri.
961 4131 1000 4188 cf.
1021 4130 1185 4188 Athenaeus
1205 4136 1224 4188 2
1245 4151 1275 4207 p.
1296 4129 1369 4189 431.

214 4215 378 4298 Φύλαρχος
398 4217 435 4279 δί
452 4239 547 4300 φησιν
566 4219 598 4278 ἐν
617 4217 760 4298 Κλείτορι
782 4213 857 4280 εἶναι
882 4217 996 4299 κρήνην
1017 4215 1070 4301 ἀφ’
1092 4205 1129 4297 ῆς
1148 4219 1222 4289 τούς
1242 4213 1370 4288 πιόντας

211 4308 267 4372 οὐκ
286 4309 451 4388 ἀνέχεσθαι
472 4308 528 4389 τήν
548 4312 604 4369 τοῦ
624 4308 707 4370 οἴνου
729 4307 839 4387 ὀσμήν.
935 4319 983 4372 22.
1006 4310 1047 4380 είς
1066 4307 1205 4389 τέσσαρα
1227 4313 1290 4370 RV.

214 4402 456 4482 Τραπεζοντίους
482 4406 518 4460 V.
