2888 5084
615 231 659 304 91

59 407 168 480 τόπου
196 409 442 501 Ἀμφίσσηθον.
492 406 564 479 ἔστι
597 412 653 479 καί
686 409 777 500 χιόρα
809 415 868 502 τῆς
898 417 1018 503 μικρός
1044 410 1218 502 Ἀρμενίας

54 525 280 620 Ἀμφισσήνη,
309 525 356 609 ὦς
376 525 534 618 Στράβων
557 525 614 597 ια’.

134 643 414 738 Ἀμφιτροπή,
438 649 544 735 δῆμος
564 652 624 736 τῆς
644 643 847 733 Ἀντιοχίδος
870 651 987 739 φυλῆς.
1030 645 1050 717 ὁ
1073 649 1217 742 δημότης

52 761 355 856 Ἀμφιτροπαιεύς.
391 767 434 833 τό
455 765 581 833 τοπικά
598 761 879 858 Ἀμφιτροπῆθεν
900 769 935 837 ἐκ
956 764 1074 850 τόπου,
1091 765 1216 861 Ἀμφι-

57 879 227 974 τροπήνδτ
248 882 297 964 τίς
317 879 426 952 τόπον
445 883 502 951 καί
524 879 778 978 Ἀμφιτροπῆσι
798 885 833 956 ἒν
852 884 961 976 τόπῳ.
1004 888 1097 955 δοκεῖ
1117 889 1155 958 δὲ
1175 890 1240 958 τότ

55 998 344 1094 Ἀμφιτροπαιεύς
365 1001 409 1082 ’ἐξ
428 997 534 1070 άλλου
556 994 657 1087 εἶναι,
684 1010 746 1074 τοῦ
768 1003 1047 1097 Ἀμφιτροπαῖος.
1089 1007 1132 1073 τά
1153 1007 1216 1097 γάρ

60 1120 105 1203 τίς
125 1125 184 1205 ῦς
207 1119 279 1191 άπδ
301 1127 367 1189 τῶν
389 1117 436 1202 είς
452 1123 471 1210 η
487 1124 643 1210 θηλυκῶν
659 1121 874 1209 ίσοσυλλαβιῖ
885 1127 957 1203 τοῖς
971 1121 1216 1214 πρωτοτύποις,

60 1240 197 1332 Σινώπη
217 1238 402 1322 Σινωπεύς.

133 1355 382 1451 Ἀμφρυοος,
403 1354 507 1440 πόλις
529 1357 692 1441 Φωκίδος.
725 1361 813 1441 τινὲς
835 1359 874 1430 δὲ
895 1361 954 1429 διδ
974 1364 1035 1428 τοῦ
1054 1367 1078 1447 β
1100 1361 1215 1453 φασίν.

59 1475 128 1548 ἔστι
161 1479 220 1548 καί
248 1477 404 1563 ποταμός
431 1477 642 1568 Μαγνησίας.
684 1479 724 1547 τδ
753 1477 891 1548 ἐθνικδν
915 1475 1137 1569 Ἀμφρύσιος,
1169 1477 1255 1563 aigro

59 1592 253 1686 Λυκόφρων
277 1594 511 1690 «Ἀμφρυσίων
531 1602 738 1688 σκηπτοῦχον
758 1579 1021 1687 Εὐρυαμπίιυν”.
1065 1596 1138 1668 ἔστι
1159 1602 1216 1669 καί

54 1710 274 1805 Ἀμφρυστός.

136 1830 401 1923 Ἀναχυροῦς,
421 1838 526 1924 δῆμος
538 1831 754 1924 Ἐρεχθηίδος
769 1838 887 1926 φυλῆς.
922 1829 940 1903 δ
958 1831 1103 1922 δημότης
1118 1830 1217 1903 Ἀνα-

59 1951 301 2043 γυρουντόθεν,
334 1949 461 2038 δμοίως
486 1957 529 2044 τῇ
558 1953 594 2022 ἐκ
622 1950 747 2035 τόπου,
779 1955 836 2022 καί
858 1949 1140 2042 Ἀναχυροῦντάδι
1169 1944 1218 2034 εἷς

58 2069 173 2152 τόπον,
196 2077 255 2141 καί
277 2072 312 2143 ἐν
332 2068 429 2160 τόπῳ
451 2068 696 2160 Ἀναγυροῦντι.
730 2074 862 2162 λέγεται
883 2074 942 2142 καὶ
963 2068 1214 2161 Ἀναγυράσιος.
1228 2102 1253 2143 ιι

61 2187 216 2280 ἐζήτηται
246 2191 285 2260 δὲ
311 2195 386 2270 πῶς
408 2187 476 2274 ἔχει
497 2190 536 2257 τδ
559 2191 595 2273 ἆ,
624 2186 695 2259 ἔδει
720 2192 782 2281 χδρ
810 2187 856 2272 ὡς
878 2188 1111 2276 Ῥαμνούσιος·
1142 2187 1214 2258 ἀλλ’
1292 2207 1298 2218 ’

60 2304 148 2377 ἔοικε
170 2309 213 2378 τό
234 2316 254 2395 ρ
277 2307 388 2379 αίτιον
410 2302 507 2390 εἶναι,
531 2311 695 2399 φιληδοῦν
714 2315 756 2400 τῇ
778 2307 931 2392 συντάξει
951 2316 1012 2380 τοῦ
1034 2313 1065 2379 ἇ.
1108 2309 1157 2391 τίς
1177 2311 1217 2380 τδ

63 2430 190 2508 Φλιοῦς
221 2425 398 2510 Φλιάσιος.

138 2543 181 2614 Ἀ
187 2543 383 2636 νάζαρβα,
406 2544 509 2627 πόλις
524 2542 694 2625 Κιλικίας.
728 2545 883 2633 κέκληται
906 2542 976 2617 ἆπδ
998 2551 1059 2616 τοῦ
1078 2571 1215 2635 προκοι-

61 2661 161 2746 μίνου
193 2657 293 2750 όρους
325 2661 347 2755 ἢ
376 2662 447 2736 άπδ
473 2661 663 2755 Ἀναζάρβα
692 2667 753 2731 τοῦ
782 2663 964 2745 κτίσαντος.
1007 2665 1047 2734 τό
1079 2664 1256 2733 ἒθνικδννο

58 2776 279 2872 Ἀναζαρβεύς
302 2778 349 2864 ὥς
367 2779 593 2872 Καρυανδιός.
634 2777 691 2870 ἀφ’
716 2771 756 2870 ἧς
776 2774 818 2870 ἦν
832 2780 1076 2872 Διοσκουρίδης
1099 2779 1117 2850 ό
1141 2785 1217 2852 δια-

62 2896 250 2988 σημότατος
270 2897 398 2990 ἰατρός,
419 2898 626 2992 χρηματίζων
640 2895 876 2989 Ἀναζαρβτύς,
898 2899 955 2968 καὶ
969 2897 1218 2993 Ἀσκληπιάδης

60 3281 86 3334 2.
101 3271 294 3356 Ἀμφισσίκη
313 3282 356 3352 R,
373 3273 517 3357 Ἀκισηνή
543 3281 608 3337 libri
633 3280 794 3337 Strabonis.
929 3285 958 3338 2.
979 3270 1011 3337 ιά
1031 3281 1095 3351 RV,
1122 3274 1164 3355 eff
1183 3286 1217 3340 A.

59 3369 212 3428 Strabonis
239 3371 320 3429 locus
346 3383 390 3430 est
415 3379 450 3432 11
476 3395 507 3452 p.
527 3377 594 3432 528.
730 3377 758 3430 3.
777 3363 974 3450 Ἀμφιτρόπη
1001 3383 1068 3433 ante
1092 3375 1140 3432 W.

58 3467 86 3520 5.
104 3456 334 3542 Ἀμφιτροπῆοι
353 3465 389 3533 Β,
406 3459 620 3546 Ἀμφιτρόπης
637 3466 713 3523 libri.
804 3467 833 3520 6.
852 3457 1113 3544 Ἀμφιτροπαιεύς
1132 3468 1220 3528 habet

59 3553 163 3630 Lysias
185 3574 211 3611 c.
226 3559 343 3632 Agorat.
363 3561 441 3628 §55-
513 3551 771 3638 Ἀμφιτροπαῖος]
792 3555 859 3613 Vid.
875 3557 1002 3616 Lobeck.
1017 3559 1112 3620 Parai.
1128 3583 1158 3640 p.
1169 3569 1217 3622 27.

58 3651 87 3707 6.
108 3643 153 3714 τίς
173 3655 241 3705 ante
260 3649 281 3724 ᾖ
300 3667 355 3705 orn.
371 3647 414 3708 Π.
493 3655 521 3710 9.
543 3645 576 3706 δὲ
596 3649 665 3708 add.
679 3651 715 3707 R.
795 3655 841 3708 11.
856 3643 1055 3730 Λυκόφρων]
1078 3674 1117 3712 rs.
1130 3664 1197 3715 900.

57 3731 265 3813 Εύροάμτιιον
285 3736 328 3808 Π,
349 3735 547 3816 εύρυιιμπυον
566 3742 603 3810 V,
623 3736 695 3816 εὐρύ
716 3733 830 3818 άμπιον
849 3744 909 3801 AR.
1001 3751 1047 3804 12.
1062 3742 1219 3828 Ἀμφρυσ·

58 3822 132 3897 σεύς
152 3830 190 3888 V.
270 3836 315 3888 13.
335 3829 458 3907 βιβλίον
476 3831 492 3895 ἔ
512 3845 578 3893 ante
591 3829 780 3912 Ἀναχαρσῦς
800 3833 875 3894 HR.
953 3843 1000 3896 16.
1022 3832 1064 3907 ὡς
1083 3861 1139 3898 orn.
1161 3843 1199 3901 V.

59 3927 169 3982 17.18.
190 3920 233 3991 είς
259 3918 294 3981 τδ
321 3922 437 3994 Φλιούς
459 3921 609 3995 Φλιάσιος
634 3927 705 4000 RV,
736 3920 777 3994 ὡς
796 3924 832 3986 τό
855 3928 980 3997 Φλυοῦς
1001 3923 1159 4002 Φλυιίσιος
1184 3938 1218 3992 A.

59 4013 97 4070 ts.
117 4013 249 4072 Lobeck.
270 4015 353 4074 Patra.
373 4039 404 4096 p.
424 4019 491 4078 432.
608 4023 654 4080 19.
668 4013 845 4098 Ἀναζαρβά
869 4023 943 4081 libri.
1059 4030 1106 4084 20.
1128 4018 1221 4103 ὄρους
1247 4063 1254 4078 .

59 4105 128 4164 add.
149 4103 257 4166 HRV.
368 4103 543 4190 Ἀναξάρβκ
563 4112 608 4180 Μ,
631 4105 768 4186 Ἀζάρβα
794 4111 872 4180 libri,
894 4107 1086 4194 Ἀναζάρβου
1105 4118 1141 4175 Β.

59 4203 106 4256 21.
127 4193 338 4276 Καρυανδεύς
358 4202 395 4271 V,
414 4197 610 4281 Καριανδιύς
629 4203 666 4277 R,
686 4195 889 4280 σκαριανδιύς
908 4209 941 4264 A.
1030 4194 1067 4284 ἦς
1087 4229 1143 4267 orn.
1162 4212 1199 4268 R.

58 4287 293 4368 Διοσκουρίδης
312 4293 376 4364 RV,
395 4291 605 4376 Διοσκορίδης
624 4299 658 4354 A.
