2888 5084
716 228 787 302 182

257 407 477 491 Βούκιννα,
511 407 614 490 πόλις
635 406 806 490 Σικελίας,
836 402 1019 485 Διονύσιος
1046 405 1080 474 ίν
1107 401 1201 493 τρίτη
1231 407 1329 474 Βασ-

173 533 329 618 σαρικιῦυ.
373 530 412 597 τὸ
436 526 573 597 ιἐθνικόν
594 532 816 605 Βουκινναῖος
838 525 894 592 καί
916 518 1155 611 Βουκιννιίτης.

258 654 292 720 Β
300 649 474 729 ουλῖνοι,
503 645 607 730 ἔθνος
633 648 711 736 περὶ
734 641 907 735 Ἰλλυρίαν.
945 639 1187 730 Ἀρτεμίδωρος
1209 640 1247 710 δὲ
1270 635 1331 707 ούκ

173 763 284 846 ἔθνος,
309 762 397 835 ἀλλὰ
412 765 580 857 Βουλίνην
601 762 703 834 πόλιν
725 761 835 855 φησίν,
858 753 898 852 ἧς
915 759 955 830 τὸ
977 760 1116 830 ἑθνικόν
1130 761 1309 840 ,Βουλίνος.

148 899 161 940 ⁶
258 887 432 965 Βοῦλις,
461 884 564 967 πόλις
589 882 757 963 Φωκίδος,
785 878 857 950 ἀπὸ
884 876 1068 960 Βούλωνος
1095 875 1253 946 οίκιστοῦ.
1298 872 1332 944 οί

175 1005 313 1072 πολῖται
336 1002 530 1075 Βουλίδιοι.

259 1125 293 1192 Β
301 1118 507 1211 ούναρτις,
530 1119 633 1201 πόλις
653 1118 799 1208 Λιβύης.
835 1115 854 1186 ὁ
877 1116 1017 1206 πολίτης
1037 1111 1264 1202 Βουναρτίτης
1286 1108 1333 1194 ὡς

174 1238 416 1328 Ναυκρατίτης.

260 1355 485 1442 Βούνειμα,
516 1353 619 1440 πόλις
637 1353 818 1444 Ἠπείρου,
847 1352 1044 1443 οὐδετέρως,
1072 1353 1194 1438 κτίσμα
1214 1349 1336 1423 Ὀδυσα

137 1476 274 1558 ιοσύως,
304 1469 344 1566 ἢν
372 1472 481 1545 ἔκτισε
507 1475 652 1564 πλησίον
676 1472 876 1564 Τραμπύας,
905 1474 1019 1559 λαβιύν
1043 1472 1187 1562 χρησμὸν
1215 1471 1332 1540 ἐλθεῖν

176 1594 262 1682 πρὸς
274 1589 398 1686 ίίνδρας
417 1591 477 1688 αοἳ
490 1590 550 1664 ούκ
564 1592 661 1664 ἰὀασι
670 1590 888 1664 θόλουσαν”.
916 1596 999 1680 βοῦν
1013 1585 1072 1660 οὖν
1084 1588 1197 1672 θύσας
1211 1587 1332 1660 ἔκτισε.

260 1718 461 1794 Βοῦννος,
495 1709 596 1795 πόλις
621 1709 791 1805 Ἰλλυρίας.
835 1713 874 1781 τό
904 1711 1042 1782 ἒθνικδν
1071 1706 1251 1791 Βούννιος,
1286 1704 1334 1790 ὡς

169 1828 414 1923 Ἀρτεμίδωρος
434 1831 469 1899 ἒν
490 1827 607 1920 πριύτιη
628 1832 944 1922 γεωγραφουμένων.

261 1945 546 2039 Βουπράσιον,
568 1946 671 2028 πόλις
690 1949 748 2016 καί
770 1949 925 2034 ποταμός
943 1949 1000 2016 καί
1011 1943 1103 2037 χιύρα
1117 1951 1177 2035 τῆς
1186 1941 1333 2029 ’Ἡλιδος

138 2063 242 2159 11αοῖ
269 2063 302 2135 δ’
332 2061 398 2154 ίίρα
426 2063 651 2154 Βουπράσιόν
682 2093 718 2135 τε
753 2069 810 2137 καί
829 2063 959 2137 ’Ἠλιδα
992 2069 1068 2135 δῖαν
1097 2061 1248 2134 λἰιαιον”.
1293 2060 1334 2156 ἦν

176 2183 239 2272 γὰρ
261 2183 415 2252 κατοικία
435 2191 495 2275 τῆς
513 2181 660 2267 Ἤλιδος
682 2183 874 2276 ἀξιόλογος,
898 2185 919 2277 ἥ
939 2213 991 2267 τις
1011 2191 1067 2255 νῦν
1089 2181 1148 2254 ούκ
1171 2181 1253 2254 ἔστι.
1293 2186 1332 2256 τὸ

175 2301 313 2372 δθνικδν
334 2304 574 2396 Βουπρασιεύς
594 2305 650 2373 καί
672 2304 908 2394 Βουπράσιος,
937 2301 1007 2376 ἀπό
1029 2301 1253 2392 Βουπρασίου
1273 2309 1334 2374 τοῦ

176 2415 338 2509 ίίρξαντος
368 2420 492 2506 αύτιῦν,
522 2425 580 2494 καί
599 2421 806 2515 Βουπρασία
833 2424 873 2493 τό
895 2421 1059 2512 θηλυκόν,
1089 2423 1147 2492 καί
1167 2427 1333 2512 Βουπρα-

176 2537 294 2621 σίωνες
322 2537 369 2623 ὥς
389 2542 618 2628 Καδμείωνας.

137 2687 164 2726 νο
261 2664 416 2749 Βοῦρα,
439 2657 541 2742 πόλις
555 2658 702 2746 Ἀχαΐας,
726 2665 891 2751 θηλυκῶς,
915 2658 985 2729 δπδ
1000 2657 1139 2748 Βούρας
1160 2661 1332 2752 θυγατρός

167 2767 283 2856 Ἴωνος
303 2783 364 2847 τοῦ
378 2777 519 2852 Ξούθου
541 2781 600 2849 καί
613 2777 753 2870 Ἑλίκης.
786 2780 826 2848 τό
848 2777 985 2850 ἐθνικόν
1000 2784 1182 2869 Βουραῖος.
1215 2776 1331 2852 Λυκό-

175 2917 269 2984 φρων
292 2894 415 2987 ,(Δύμη
435 2924 471 2965 τε
493 2897 718 2988 Βουραίοισιν
739 2894 871 2987 ἡγεμών
894 2895 1056 2967 οτόλου”.
1093 2899 1128 2967 ἐκ
1149 2895 1272 2986 ταύτης
1292 2893 1314 2989 ἦ

175 3115 377 3132 ..ι-ιαμ...-

172 3259 351 3338 Epidaurum
371 3275 545 3323 memoratur
562 3266 637 3323 Plin.
659 3267 726 3324 NH.
746 3267 775 3336 4,
796 3269 825 3328 5.
850 3269 948 3344 itaque
968 3287 1021 3345 pro
1039 3259 1179 3343 Ἀττικῆς
1198 3276 1248 3326 aut
1265 3261 1331 3345 Ἀρ·

172 3353 296 3430 ηολικῆς
320 3356 503 3416 scribendum
528 3368 577 3416 aut
601 3357 681 3417 locus
707 3359 820 3418 luxa'tus
845 3369 889 3417 est
919 3369 949 3417 et
972 3361 1002 3416 in
1028 3358 1104 3418 hune
1128 3359 1190 3419 sere
1215 3362 1331 3422 modum

174 3441 367 3522 supplendus:
393 3441 459 3507 ίστι
484 3447 535 3508 καί
561 3445 765 3531 Βουκεφάλας
790 3448 881 3529 λιμὴν
906 3452 975 3528 [τῆς
998 3443 1254 3528 Πελοποννήσου,
1281 3473 1331 3512 κα-

173 3532 340 3612 τεναντίον]
361 3539 417 3616 τῆς
444 3534 589 3618 Ἀττικῆς.
708 3551 736 3606 1.
757 3539 844 3613 πόλις
865 3547 898 3624 (i.
919 3564 946 3603 e.
967 3541 1074 3620 νῆσος)
1099 3541 1229 3619 πλησίον
1248 3544 1330 3606 Σικε·
1354 3568 1356 3572 ’

173 3624 261 3697 λίαςλ
338 3635 365 3688 1.
376 3637 404 3689 2.
416 3632 564 3711 Καρικῶν
577 3637 612 3693 R.
691 3643 720 3696 3.
734 3637 877 3696 Βουλῖνοι
890 3637 953 3706 RV,
974 3633 1119 3696 Βουλίνοι
1132 3639 1166 3706 Α,
1186 3635 1334 3704 Βουλινοί

172 3720 210 3778 Χ.
288 3718 375 3801 παρὰ
394 3745 449 3803 pro
468 3725 537 3802 περὶ
556 3729 592 3786 R.
671 3730 699 3788 4.
719 3715 757 3807 ἧς
776 3729 887 3788 οιο.Π.
966 3735 994 3788 6.
1015 3726 1176 3789 Βουλίδιοι
1196 3731 1232 3798 Β,
1251 3725 1330 3790 Βού-

172 3813 232 3871 λιοι
252 3815 326 3872 libri.
413 3824 460 3877 10.
486 3815 676 3898 Τραμπόλας
695 3823 844 3902 PpflRV.
918 3818 1076 3900 χρησμὸν]
1098 3824 1182 3882 Ηοιο.
1204 3823 1263 3883 Οδ.
1284 3830 1330 3894 11,

173 3911 239 3964 122.
357 3913 405 3968 15.
426 3905 460 3968 οἳ
476 3904 506 3968 δ’
528 3903 603 3989 ίίρα]
625 3915 710 3974 Hom.
730 3917 765 3975 11.
785 3922 814 3985 2,
834 3920 901 3976 615.
1018 3920 1065 3974 17.
1085 3916 1142 3973 τοῦ
1168 3936 1224 3976 om.
1244 3918 1309 3976 RV.

172 3998 531 4077 18.19.Βουπρασίωνις
552 3999 593 4073 ὡς
612 4004 810 4082 Καδμιίωυες
822 4009 857 4077 R,
878 4003 1089 4085 Βουπρασίων
1108 4002 1150 4077 ὡς
1162 4006 1330 4084 Καδμείων

171 4093 234 4151 AV.
331 4099 378 4152 20.
389 4097 439 4150 21.
458 4094 604 4170 θηλυκῶς
622 4131 661 4142 -
676 4096 796 4176 Ἑλίκης
822 4101 890 4158 add.
910 4101 974 4160 RV.
1067 4106 1116 4160 21.
1137 4092 1269 4166 Ξούθου
1294 4104 1330 4170 R,

171 4174 304 4248 Ξάνθου
324 4185 361 4242 V.
439 4190 487 4246 21.
497 4192 545 4244 22.
564 4184 762 4272 Λυκόφρων]
784 4211 825 4250 vs.
846 4196 913 4254 591.
990 4199 1038 4254 22.
1059 4178 1154 4271 Δύμη
1174 4194 1247 4262 libri,
1267 4189 1329 4252 Δύ-

169 4295 231 4354 μης
250 4277 414 4357 Lycophro.
492 4277 694 4356 Βουραίοισιν
713 4285 775 4352 RV,
798 4283 978 4362 Βουραίοισι
1000 4289 1033 4346 Α.
1114 4280 1226 4345 στόλου
1242 4288 1329 4355 ARV,

170 4371 308 4449 στρατοῦ
327 4372 351 4429 Ρ
371 4383 400 4431 et
420 4373 582 4453 Lycophro.
