2888 5070
611 286 685 362 349

72 469 90 542 ὁ
118 467 259 560 πολίτης
287 463 539 549 Καλλατιανός,
567 465 613 549 ῶς
645 467 852 560 Τραλλιανός
873 467 1074 560 Σαρδιανός·
1103 468 1162 563 ἀφ’
1186 465 1227 544 σά

50 585 192 680 ,Ἴστρος
213 587 452 667 Καλλατιανός
480 587 558 674 περὶ
583 587 772 677 τραγῳδίας
799 587 936 681 γράψας
957 591 1060 659 καλόν
1080 590 1225 677 βιβλίον.

70 707 159 778 ἔοικε
182 705 214 776 δ’
240 700 328 774 εἶναι
351 701 421 776 sind
443 710 505 774 τοῦ
526 704 703 774 Καλλατία
732 702 778 789 ῶς
800 704 990 793 Ὀλβιανός,
1021 705 1052 775 εί
1078 711 1123 800 μη
1153 706 1225 779 άπὸ

68 832 127 917 τῆς
149 823 283 915 ίωνικῆς
304 828 435 914 γενικῆς
456 825 570 914 γέγονε
591 830 650 916 τῆς
672 822 877 906 Καλλάτιος.

156 941 352 1030 Καλλίαι,
386 940 490 1024 πόλις
521 942 585 1029 μία
616 947 676 1034 τῆς
708 941 743 1013 ἐν
773 939 934 1036 Ἀρκαδίᾳ
963 943 1161 1035 τριπόλεως.
1205 941 1251 1015 ds

69 1061 210 1151 πολίτης
231 1059 415 1144 Καλλιεός,
443 1057 496 1143 ῶς
511 1061 721 1144 Παυσανίας.
765 1059 837 1130 ἔστι
865 1065 921 1131 καί
941 1062 1062 1154 χωρίον
1083 1063 1226 1155 πλησίον

72 1179 253 1269 Τάραντος.

154 1306 188 1368 Κ
194 1297 392 1388 αλλίαρος
398 1353 407 1382 ,
430 1296 533 1380 πόλις
550 1304 705 1389 Λοκρῶν,
729 1297 800 1370 άπδ
815 1298 1014 1392 Καλλιάρου
1035 1305 1095 1370 τοῦ
1112 1297 1225 1370 ‘Odot-

68 1416 173 1488 δόκου
194 1419 251 1488 καὶ
264 1415 459 1507 Λαονόμης,
483 1413 530 1500 ῶς
546 1416 740 1498 Ἑλλάνικος
760 1415 795 1486 ἐν
813 1415 929 1510 πρῶτη
944 1415 1224 1502 Δευκαλιωνείας,

68 1533 228 1628 Στράβων
255 1533 288 1603 δ’
318 1537 354 1605 ἐν
379 1534 479 1628 ἐνάτη
508 1537 601 1625 παρὰ
627 1537 666 1605 τό
696 1532 854 1624 εὐήρατον
884 1533 987 1628 αὐτην
1016 1531 1104 1606 εἶναί
1128 1563 1223 1629 ῳησι.
1237 1573 1263 1613 ιο

68 1653 284 1743 Καλλίαρα
307 1652 500 1745 οὐδετέρως.
533 1654 572 1722 τό
595 1651 732 1722 ιἰθνικδν
753 1656 960 1742 Καλλιαρεῖς
981 1651 1026 1737 ῶς
1042 1663 1222 1747 Μεγαρεῖς.

155 1772 390 1862 Καλλιόπη,
420 1771 523 1856 πόλις
544 1771 766 1862 Παρθυαίων.
805 1771 980 1860 Πολύβιος
1002 1771 1141 1865 δεκάτῳ.
1183 1776 1222 1844 τό

68 1887 208 1959 ἔθνικόν
230 1890 455 1974 Καλλιοπεός,
479 1890 525 1973 ῶς
546 1887 759 1982 Παρθενόπη
782 1889 1042 1980 Παρθενοπεός.

155 2007 432 2093 Καλλίπολις,
460 2010 634 2097 πολίχνιον
655 2006 857 2102 Λαμψάκου
883 2011 919 2079 ἐν
943 2015 986 2101 τῇ
1014 2010 1139 2104 περαίᾳ
1164 2015 1224 2102 τῆς

67 2124 284 2216 Χερρονήσου
312 2123 365 2196 ἐπ’
394 2125 495 2220 άκτῆς
521 2131 669 2220 κειμένη,
700 2125 747 2212 ῶς
771 2126 990 2218 Ἀλέξανδρος
1016 2130 1050 2198 ἐν
1076 2134 1124 2219 sni
1144 2131 1261 2221 περίτι

67 2245 246 2327 Βιθυνίας.
274 2249 415 2338 δευτέρα
429 2247 514 2316 κατά
528 2249 588 2320 τόν
603 2245 804 2320 Ἀνάπλουν.
831 2247 923 2339 τρίτη
940 2244 1044 2330 πόλις
1056 2249 1221 2332 Σικελίας.

65 2362 205 2454 τετάρτη
227 2363 329 2448 πόλις
352 2364 494 2456 Καρίας.
539 2365 571 2435 ολ
593 2369 732 2437 πολῖται
753 2372 872 2437 πασῶν
894 2369 1158 2437 Καλλιπολῖτοιι.

153 2481 315 2573 Κάλπη,
339 2482 441 2565 πόλις
459 2489 628 2554 Βιθυνῶν.
667 2483 875 2574 Θεόπομπος
890 2483 999 2576 ὀγδόην
1011 2483 1222 2575 Ἑλληνικῶν.

68 2603 141 2676 ἔστι
161 2606 219 2673 καλ
240 2605 362 2692 λιμὴν
381 2601 560 2693 Κάλπης.
592 2605 632 2674 τδ
649 2602 787 2675 ἔθνικδν
803 2602 963 2686 Καλπεός
977 2599 1024 2684 ῶς
1037 2600 1221 2684 Σινωπεύς.

64 2869 95 2924 2.
106 2857 239 2938 βυβλίον
257 2861 293 2918 R.
371 2866 398 2922 5.
411 2858 566 2922 Καλλιαίλ
586 2865 625 2921 ita
645 2873 690 2921 est
710 2863 789 2942 apud
809 2865 933 2921 Pansan.
945 2867 973 2930 8,
988 2865 1035 2930 27,
1054 2865 1084 2920 7.
1156 2856 1222 2938 Ἀρ·

65 2954 162 3039 κωδίῳ
182 2955 247 3023 BH,
265 2949 407 3037 Αἰτωλίᾳ
427 2957 502 3014 libri.
590 2960 618 3014 6.
639 2952 828 3025 Παυσανίας
847 2957 883 3025 H,
903 2952 1015 3023 πανίας
1033 2957 1071 3023 R,
1090 2951 1222 3024 σπανίας

66 3051 130 3119 AV,
149 3040 302 3115 Σπανιεάς
320 3047 375 3125 Pp,
396 3067 470 3124 qnae
491 3049 627 3108 Salmasii
647 3049 810 3108 coniectura
831 3068 897 3108 esse
917 3049 1038 3106 videtur.
1058 3049 1221 3108 Pausaniae

66 3144 175 3210 citatio,
196 3142 244 3217 qui
265 3137 580 3210 Callienses10,18‚7
600 3151 629 3199 et
648 3145 728 3212 22,3
748 3152 895 3210 memorat,
916 3161 974 3199 non
994 3141 1033 3198 ad
1051 3141 1221 3200 Arcadicam

66 3244 181 3312 gentem
202 3243 329 3312 spectat,
355 3233 407 3291 sed
429 3233 466 3289 ad
489 3233 589 3300 Callii,
610 3233 756 3291 Aetolicae
777 3237 869 3304 urbis,
889 3235 1005 3311 gentile.
1027 3242 1157 3311 apertum
1178 3241 1223 3290 est

66 3346 144 3405 quae
168 3326 205 3384 de
231 3335 353 3402 utraque
374 3327 443 3383 urbe
464 3326 576 3383 dixerat
595 3326 776 3404 Stephanus,
802 3330 1006 3407 epitomatones
1031 3325 1132 3384 inscite
1152 3325 1221 3382 nnis-

65 3421 172 3478 cnisse.
194 3419 247 3476 nisi
267 3429 334 3498 post
352 3412 519 3492 τριπόλειος
538 3420 646 3477 excidit
659 3415 722 3478 λ’στι
736 3417 787 3477 καί
801 3416 962 3487 Αλτωλιίις
975 3412 1061 3484 πόλις
1074 3407 1221 3474 Κάλλιον.

63 3520 95 3574 7.
120 3503 282 3584 Τάραντος
300 3510 408 3579 nav,
438 3503 600 3568 Ταλάντου
620 3513 659 3580 Λ,
687 3505 852 3590 Τυράννου
873 3510 921 3581 Π,
950 3504 1146 3568 Ταυλαντίου
1169 3507 1221 3565 Pi·

65 3605 153 3672 neda,
175 3596 337 3661 Σαλάντου
358 3604 395 3661 Η.
473 3609 501 3664 9.
520 3597 698 3680 Λιιυδόμης
716 3606 753 3662 R.
841 3611 888 3663 10.
909 3598 1014 3682 ἐνάτη]
1034 3625 1064 3682 p.
1085 3603 1153 3660 426.
1174 3602 1223 3659 ubi

64 3699 137 3758 nihil
158 3698 195 3756 de
210 3699 264 3752 ista
278 3695 466 3771 originatione
480 3696 594 3772 legitur.
671 3693 758 3775 παρὰ
771 3699 805 3764 ll,
825 3693 893 3772 περί
908 3695 971 3754 ΛΠ
974 3699 1008 3754 V.
1029 3699 1056 3753 in
1074 3696 1221 3770 sequenti-

65 3797 118 3848 bus
139 3789 236 3848 malim
254 3780 352 3863 αὐτὴν
366 3778 451 3845 εἶναι.
473 3784 551 3866 ῳιισί
566 3785 646 3862 [καί]
658 3786 825 3865 Καλλίαρα
838 3782 1015 3865 οὐδετέρως.
1036 3789 1075 3846 cl.
1089 3787 1222 3846 Eustatln.

64 3883 104 3941 nd
125 3883 210 3939 Hom.
229 3901 258 3958 p.
270 3884 336 3948 277,
348 3883 395 3938 30.
475 3883 521 3938 16.
543 3876 671 3958 δευτέρα
691 3901 755 3938 cum
776 3881 961 3956 sequentibus
982 3882 1163 3938 coniunctum
1185 3881 1222 3949 X,

62 3967 96 4050 β’
108 3975 171 4042 RV,
184 3967 318 4052 διατόρῳ
327 3975 359 4040 Α,
371 3982 402 4029 ut
412 3972 653 4050 praecedentibus
666 3975 789 4029 iunctum
802 3974 848 4030 sit.
908 3965 1152 4046 τδνἈνάπλουν]
1166 3969 1223 4049 τὴν

63 4062 228 4124 Αίτωλιόν
240 4065 387 4122 Gavelins.
403 4065 457 4122 sed
470 4083 494 4121 ι.
509 4066 544 4122 ad
558 4087 588 4144 p.
596 4069 662 4133 222,
676 4070 721 4123 13.
792 4069 839 4122 16.
851 4061 989 4141 τρίπολις
1001 4075 1030 4121 et
1040 4085 1106 4122 mox
1118 4059 1222 4140 τετρά·

64 4158 153 4226 πόλις
169 4177 222 4236 pro
235 4153 324 4234 τρίτη
338 4151 426 4226 πόλις
445 4170 474 4216 et
493 4153 625 4232 τετάρτη
645 4151 732 4224 πόλις
752 4168 818 4216 ante
838 4157 875 4214 X.
955 4162 1001 4216 17.
1011 4153 1148 4233 Καρίας]
1163 4155 1221 4214 Συ-

64 4246 135 4326 ρίας
146 4249 294 4309 Gavelius.
368 4254 415 4308 18.
424 4245 537 4326 Κάλπη
549 4270 585 4308 an
598 4245 724 4309 Κάλπαι
738 4252 875 4309 incertum
886 4250 921 4319 R,
935 4244 1062 4308 Κάλπαι
1075 4249 1137 4306 AV.
1152 4267 1178 4307 τ.
1190 4251 1221 4306 in

62 4338 197 4418 Κυρπηί
218 4383 225 4398 .
278 4348 325 4403 19.
334 4335 465 4417 Κάλπης
474 4343 510 4410 R,
521 4337 634 4419 Κάλπη
645 4343 706 4402 AV.
716 4354 867 4422 praeterea
878 4352 998 4422 propter
1007 4341 1114 4418 gentile
1124 4342 1221 4400 malim

62 4429 198 4510 Κάλπης
216 4428 318 4512 λιμήν,
339 4437 367 4494 in
389 4455 446 4512 quo
467 4429 598 4510 Κάλπης
617 4447 725 4494 nectum
746 4455 842 4494 casum
864 4453 929 4494 esse
949 4442 979 4492 et
993 4433 1151 4494 masculine
1165 4434 1222 4502 diei
