2858 5056
753 257 837 348 ilii

211 445 314 507 eodem
328 447 414 504 etiarn
428 445 547 502 aliarum
556 443 709 512 ‚civitatum
725 441 840 500 nmniua
852 461 868 498 u
880 440 1202 520 Steplranomemorata
1217 441 1380 501 reserenda

182 567 185 574 ’
211 561 291 620 esse,
316 547 404 606 ueluti
423 535 532 620 Δειρή,
553 544 591 602 de
611 563 668 620 qua
682 544 761 612 ,liaeo
782 544 917 619 leguntur
933 562 963 620 p.
984 543 1056 614 223,
1076 549 1128 602 20:
1153 536 1269 621 Διιρή,
1293 535 1378 618 ἄκρα

211 643 261 707 καί
282 642 370 716 πόλις
382 638 546 721 ὁμώνυμος
558 639 636 720 πρὸς
648 643 687 723 τῇ
700 640 859 724 Αἰθιοπίᾳ
878 673 916 686 -
926 638 1000 702 Ιίοτι
1020 640 1071 702 καὶ
1092 639 1180 712 πόλις
1193 638 1378 720 Ἀθηναίων

211 741 400 824 σοιιμοχική.
420 742 455 805 τό
470 741 594 805 ίθνικόν
606 741 762 822 Δειραῖος.
783 746 831 800 ubi
851 763 914 800 cum
936 755 1003 822 post
1021 738 1109 813 πόλις
1128 747 1298 824 provinciae
1319 765 1376 802 no·

210 868 277 908 men
304 848 411 925 requiri
437 854 573 925 apertum·
595 845 654 914 sit,
673 846 802 903 lacunam
826 845 963 903 indicavi.
986 845 1066 902 'nunc
1090 864 1147 902 non
1174 845 1278 903 dubito
1305 847 1376 921 quio

211 945 341 1032 Θρᾴκης
360 947 508 1007 exciderit.
529 949 586 1004 iam
606 949 704 1006 urbem
726 945 841 1020 quidem
862 946 1035 1003 Thracicum
1054 939 1172 1023 Δειρήν
1191 949 1376 1026 appellatam

211 1051 359 1110 ancrnine
377 1048 529 1106 memorari
544 1047 669 1115 memini,
690 1055 719 1102 at
731 1042 907 1124 Διρραίονς
923 1041 1079 1127 &egaram
1093 1043 1186 1116 iiivuc
1206 1050 1289 1105 novit
1309 1051 1376 1127 ipse

211 1151 389 1229 Stephanus,
409 1157 439 1207 ct
455 1143 633 1228 Διρσαίοος
653 1156 856 1212 commemorat
875 1146 1055 1216 Herodoti,
1067 1153 1134 1207 110.
1155 1149 1211 1205 nisi
1226 1149 1375 1207 Derrbutn

210 1252 372 1328 intelligere
393 1258 522 1328 praestat
539 1267 619 1317 earn,
645 1268 729 1326 quam
756 1250 784 1306 in
806 1249 982 1307 'l'bermaico
1011 1250 1074 1306 sinn
1096 1250 1170 1308 inter
1190 1229 1325 1325 Pydnam
1347 1261 1377 1308 et

209 1341 353 1415 Scionam'
365 1359 568 1409 commemorat
587 1349 697 1410 Plinius
717 1350 791 1408 Nil.-
806 1351 834 1418 d,
853 1355 900 1418 20,
922 1354 969 1408 17.

288 1455 433 1512 Hactenus
463 1451 500 1508 de
530 1451 603 1508 libro
634 1449 713 1508 nono'
742 1469 793 1509 scu
821 1451 954 1527 catalogo
980 1452 1160 1508 tributorum.
1187 1467 1224 1508 ex
1250 1450 1373 1526 reliquis

210 1557 307 1635 operis
327 1554 456 1632 partibus
482 1569 558 1628 quae
584 1551 744 1609 afferuntur
768 1553 803 1608 ab
830 1551 954 1627 antiquis
980 1552 1183 1630 scriptoribus,
1208 1549 1374 1607 afferuntur

208 1658 272 1716 sere
292 1655 366 1723 libri,
386 1673 423 1713 ex
443 1651 500 1730 qno
522 1652 608 1709 ducta
628 1661 703 1717 suut,
724 1671 842 1710 numero
863 1671 919 1709 non
941 1650 1078 1708 indicato.
1100 1669 1190 1727 quare
1206 1651 1371 1708 consultius

210 1758 322 1816 ridetur
335 1745 495 1834 temporum
509 1752 639 1812 ordinem
654 1755 746 1830 sequi,
766 1756 879 1828 ceteris,
900 1771 974 1830 qune
989 1751 1097 1808 nullum
1111 1753 1217 1810 aetatis
1232 1755 1372 1812 iudicium

210 1861 326 1927 babent,
345 1859 374 1916 in
395 1856 481 1913 finem
501 1855 626 1914 reiectis.
802 1883 804 1890 ,

634 1954 751 2034 Olymp.
771 1954 892 2022 lxxii,
913 1958 941 2014 3.
967 1963 970 1968 ‘

203 2065 204 2068 ’
288 2057 477 2137 Harpocratlo
490 2076 521 2135 p.
534 2058 601 2123 136,
612 2057 639 2112 6.
660 2046 706 2113 ότι
727 2049 1149 2134 ιλιαιιιιρτιίνιιΔιῑιιοσθίνης
1169 2052 1202 2114 ἐν
1221 2055 1267 2136 τῷ
1288 2053 1368 2115 κατὰ

208 2155 348 2236 Νεαίρας
371 2151 466 2234 λίγιον
485 2149 666 2224 Πλαταιέας
686 2150 867 2236 γεγράφθαι
892 2153 924 2216 ίν
942 2157 981 2236 τῇ
1001 2152 1133 2235 Ποικίλῃ
1154 2157 1245 2240 στοᾷ.
1266 2151 1371 2225 οὐδεὶς

206 2254 271 2336 γὰρ
286 2258 379 2316 τοῦτο
400 2253 529 2333 eibum,
556 2245 660 2333 ὥσπερ
685 2250 757 2314 aridi
777 2245 945 2334 Koarenda
960 2255 992 2317 dv
1010 2257 1050 2337 τῇ
1068 2258 1132 2316 τῶν
1150 2251 1370 2336 ψηφισμάτων

207 2358 364 2437 οοογιογῇ.
388 2357 600 2416 Demosthenes
621 2357 704 2416 Orat.
726 2377 751 2414 c.
773 2358 880 2426 Neaer.
901 2352 928 2434 §.
947 2363 995 2418 28.
1021 2359 1137 2417 summis
1158 2359 1296 2418 laudibus
1318 2379 1369 2418 ex·

206 2461 283 2519 tollit
302 2460 503 2527 Plataeenses,
532 2473 604 2535 quos
630 2457 709 2515 solos
731 2459 907 2516 Graecorum
930 2460 1150 2520 Atheniensibus
1174 2461 1369 2518 airniliaturos

206 2561 405 2620 Marathonem
437 2561 548 2618 venisse
578 2559 647 2615 dicit
675 2567 806 2637 tempore
836 2581 888 2630 eo,
918 2559 981 2639 quo'
1003 2561 1086 2620 Datis
1113 2562 1217 2620 relicta
1243 2562 1368 2620 Euboea

202 2645 318 2720 -dtticae
337 2661 409 2732 fines
430 2662 574 2718 invaserit.
591 2669 649 2716 tum
664 2660 770 2738 pergit:
791 2657 842 2717 καί
863 2656 906 2720 i'n
927 2659 978 2721 καί
998 2664 1053 2721 νῦν
1071 2658 1369 2740 τῆςιόνόραγαθίας

204 2754 475 2840 incumbemus-ir
505 2761 544 2839 τῇ
552 2757 554 2764 ’
573 2757 694 2839 ποικίλῃ
725 2761 804 2842 στοᾷ
830 2758 936 2842 γραφὴ
963 2759 1141 2840 δεδήλωκεν.
1168 2762 1253 2822 buius
1281 2766 1369 2840 igitar

205 2865 336 2943 picturae
358 2864 549 2941 Harpocratio
576 2863 859 2920 Craterumnullam
885 2865 992 2924 secisse
1018 2865 1190 2922 mentionem
1218 2865 1304 2934 dicit,
1330 2883 1366 2924 ex

206 2983 265 3041 qno
284 2964 369 3021 simul
390 2963 533 3021 coniicere
553 2963 634 3032 licet,
660 2943 725 3021 cunr
751 2964 824 3021 alios
848 2964 973 3023 bonores
993 2969 1030 3023 ab
1050 2964 1275 3024 Atheniensibus
1296 2968 1367 3024 Pla-

205 3066 371 3124 taeensium.
390 3065 497 3121 civitati
522 3063 654 3122 decretos
680 3081 865 3123 memorasse.
875 3066 914 3123 ”ei
939 3067 988 3142 qui
1008 3065 1115 3124 suerint
1134 3068 1189 3126 etsi
1210 3085 1229 3125 a
1249 3069 1366 3126 nemine

205 3166 340 3224 traditum
365 3174 424 3233 est,
450 3173 496 3222 res
522 3173 617 3223 tamen
643 3165 808 3222 coniectura
834 3164 947 3223 ridetur
968 3168 1069 3225 confici
1092 3189 1190 3248 posse.
1212 3187 1280 3226 narn
1301 3189 1366 3231 cum

206 3268 312 3326 Graeci
338 3266 470 3324 undecim
497 3267 579 3324 annis
605 3275 672 3342 post
687 3264 908 3334 ¹I’lataeensibus
930 3279 1050 3348 propter
1068 3271 1242 3346 singularem
1264 3291 1365 3329 eorum

204 3371 232 3426 in
253 3367 365 3446 praelio
385 3367 550 3425 Plataeensi
571 3366 767 3424 fortitudinem
795 3385 904 3424 sumrrm
931 3369 1041 3426 uirtutis
1067 3371 1196 3448 praemia
1218 3366 1272 3446 (τὰ
1300 3364 1364 3447 ἀοι·

203 3467 303 3544 ostiu)
330 3465 485 3525 detulerint
509 3478 597 3544 atque
616 3467 846 3526 Eleutbe'riornm
874 3487 970 3526 curam
996 3468 1249 3539 demandaverint,
1273 3472 1363 3530 Atbe-

202 3571 318 3628 nienscs
338 3579 433 3626 autem
453 3567 586 3646 profugis
607 3570 721 3638 atticam
742 3570 883 3642 civitatem
911 3578 941 3626 et
960 3565 1010 3627 ius*
1026 3572 1158 3629 connubii
1180 3571 1364 3642 contulerint,

121 3723 141 3746 ,ι
202 3669 352 3750 probabile
374 3667 463 3726 videri
484 3668 584 3735 debet,
610 3679 677 3747 post
696 3668 905 3728 Marathoniam
931 3689 1056 3748 pugnam
1078 3673 1200 3732 leviores
1222 3693 1296 3750 qrros
1318 3676 1364 3732 di·

132 3833 136 3841 ,
203 3791 269 3830 cere
289 3771 375 3829 liceat
395 3768 533 3839 bonores,
558 3770 644 3828 veluti
666 3789 782 3830 auream
804 3789 954 3841 coronam,
978 3773 1143 3851 proedo-iarn
1166 3784 1201 3848 et
1219 3795 1297 3852 quae
1318 3776 1363 3833 bis

203 3881 268 3930 sunt
288 3871 407 3939 similia,
427 3870 472 3927 iis·
484 3869 656 3929 decrevisse.

611 3970 728 4048 Olymp.
749 3971 898 4044 LXXVII,
918 3974 947 4032 4.

267 4071 449 4144 ‘Plutarchus
470 4072 507 4128 V.
529 4073 603 4130 Cim.
625 4077 671 4130 13.
698 4072 789 4130 τοῦτο
815 4066 850 4131 τό
876 4068 966 4152 ἔργον
986 4073 1139 4153 (praelium
1160 4078 1200 4135 ad
1219 4079 1364 4156 Euryme-

202 4171 332 4248 dontem)
359 4160 458 4239 οὕτως
482 4167 664 4230 ἐταπείνωσε
690 4169 747 4250 τὴν
770 4165 894 4250 γνώμην
918 4175 974 4232 τοῦ
997 4173 1163 4250 βασιλέως,
1192 4170 1274 4238 riute
1295 4199 1364 4240 σνν-

200 4265 319 4328 diodus
338 4267 395 4347 τὴν
414 4265 597 4349 περιβόητον
617 4267 739 4350 cipriani*
758 4269 886 4350 ίκιίνην,
905 4271 1002 4334 ’ίιιιιον
1022 4274 1080 4353 μὲν
1099 4274 1219 4355 δρόμον
1241 4274 1289 4340 riri
1310 4285 1366 4361 τῆς

152 4364 158 4376 “
194 4362 374 4446 Ἑλληνικῆς
398 4365 520 4446 dirigar
543 4365 718 4448 θαλάττης,
745 4363 834 4436 titos
859 4370 892 4433 di
918 4372 1068 4436 Κιάνίιον
1092 4375 1143 4438 κοί
1170 4379 1367 4443 Χελιδονίων
