2902 5070
764 301 841 376 258

224 483 335 556 τοίνυν
352 478 450 577 Ὧρος
477 481 512 556 ἔν
537 490 608 567 ταῖς
630 484 778 565 ἐθνικαῖς
797 488 880 577 τῇδε
901 479 1023 576 γρόῳει
1047 483 1126 579 ε(καί
1146 483 1188 554 τό
1210 481 1289 571 περὶ
1312 478 1387 551 Θῶ-

224 633 323 696 μυριν
344 607 379 676 ἒν
395 604 518 697 Δωρίῳ
536 611 820 702 ααριστοροῦνιας
841 609 903 673 τοῦ
924 609 1079 693 ποιητοῦ,
1100 601 1205 674 πόλιν
1220 601 1387 685 Ἡσίοδος

226 725 348 817 Δωτίῳ
370 727 405 796 ἒν
426 725 536 817 πεδίῳ
557 725 681 819 φάσκει
697 723 799 794 αὐτόν
815 719 1093 814 τετυφλῶσθαῶ.
1126 720 1305 795 συντόσσαι
1321 725 1384 813 γὰρ

188 889 191 900 ·
225 850 324 915 τοῦτο
346 853 417 929 τοῖς
435 847 757 938 διχογραῳουμένοις
773 841 1010 934 πρωτοτόποις
1025 849 1092 913 τῶν
1108 844 1264 914 ἐθνικῶν.
1297 840 1385 912 ἔτιδ-

201 992 280 1057 εγει
308 971 387 1056 γοῦν
421 963 485 1062 καὖ
518 968 580 1058 γδρ
615 961 661 1047 ῶς
690 960 710 1055 ἢ
741 960 926 1054 Καλχηδών
954 964 1011 1032 καὶ
1039 962 1225 1054 Καρχηδών
1255 965 1312 1032 καὶ
1340 963 1383 1032 τοί

223 1091 366 1157 τοιαῦτα
392 1088 534 1176 λέγεται.
578 1083 598 1177 ἡ
621 1088 683 1173 μὲν
709 1085 771 1177 γδρ
800 1083 858 1152 διδ
880 1087 941 1152 τοῦ
963 1073 984 1150 λ
1005 1083 1084 1172 περὶ
1104 1083 1164 1154 τὸν
1184 1080 1331 1164 Πόντον,
1360 1076 1381 1172 ἦ

226 1207 264 1277 δὲ
286 1206 345 1276 διὰ
366 1211 427 1276 τοῦ
448 1232 467 1296 ρ
489 1207 556 1296 πρό
578 1211 637 1295 τῆς
658 1199 831 1292 Λιβύης”.
875 1199 970 1293 ἡμεῖς
998 1205 1036 1274 δὲ
1063 1196 1290 1294 προλίῳθημεν
1313 1198 1382 1270 δεί-

226 1328 339 1408 ξαντες
362 1327 421 1397 διό
443 1329 580 1397 πολλῶν
600 1327 790 1415 μαρτυριῶν
811 1321 922 1413 ἕτερον
944 1323 1014 1413 [τό]
1043 1323 1101 1393 διὰ
1122 1327 1183 1391 τοῦ
1204 1328 1225 1413 ρ
1246 1318 1383 1413 Δώριον

224 1447 283 1516 καί
304 1447 415 1540 ἕτερον
436 1447 475 1518 τδ
499 1447 558 1516 διδ
579 1450 640 1517 τοῦ
659 1448 680 1514 ἶ
701 1440 847 1516 Δώτιον.
1390 1437 1391 1442 ’

225 1789 253 1842 2.
273 1783 329 1842 τοῦ
349 1782 490 1859 ποιητοῦ]
512 1783 596 1839 Ηοια.
617 1781 649 1838 ll.
662 1785 690 1848 2,
710 1781 776 1840 594.
851 1772 1011 1851 Ἡσίοδος]
1028 1771 1224 1855 Ἡρωδιανὸς
1242 1777 1384 1838 Osannus

225 1877 264 1934 ad
284 1877 405 1935 Plrilern.
423 1896 453 1953 p.
470 1879 536 1934 305.
558 1874 722 1950 refragante
741 1871 900 1931 Ritschelio
921 1871 957 1930 de
979 1872 1039 1931 Oro
1060 1893 1089 1951 p.
1106 1876 1154 1931 59.
1176 1882 1274 1931 eontra
1295 1892 1380 1950 quern

225 1971 381 2047 disputavit
400 1966 630 2026 Marclsolreffel.
651 1967 765 2043 Fragrn.
781 1966 901 2024 Hesiodi
916 1985 946 2044 p.
958 1969 1015 2025 389
1029 1985 1073 2042 sq.
1095 1985 1141 2024 res
1161 1967 1202 2023 ita
1222 1985 1253 2024 se
1273 1965 1380 2024 habere

225 2062 346 2119 ridetur.
366 2061 493 2119 fabulam
515 2062 552 2120 de
572 2061 719 2135 Tlrarnyra
740 2061 881 2117 Homerus
903 2059 948 2134 (ll.
965 2064 997 2128 2,
1014 2059 1085 2135 594)
1107 2059 1145 2117 ad
1164 2059 1299 2127 Dorium,
1319 2059 1379 2115 He·

225 2154 323 2212 siodns
349 2163 444 2212 autem
469 2155 507 2211 ad
526 2155 643 2212 Dotiurn
668 2164 860 2214 revocaverat.
886 2153 953 2210 ltine
972 2151 1050 2212 Oros
1070 2154 1186 2212 Dotiurn
1211 2162 1241 2211 et
1260 2152 1379 2210 Dorium

224 2248 295 2306 nihil
320 2247 375 2303 nisi
402 2247 529 2307 diversas
554 2246 831 2306 eiusdemrnorninis
857 2245 965 2304 formas
992 2265 1057 2305 osse
1088 2248 1254 2324 eollegerat.
1285 2249 1326 2304 ita
1355 2246 1379 2302 si

222 2339 433 2420 interpreteris,
452 2349 531 2398 recte
552 2340 629 2398 dieta
649 2360 713 2400 esse
733 2339 904 2396 videbuntur
924 2358 999 2416 quae
1015 2340 1052 2399 de
1063 2332 1240 2417 Καλχηδών
1253 2349 1282 2398 et
1294 2337 1379 2411 Καρ·

219 2427 327 2510 χηδών
352 2433 520 2491 inseruntur.
547 2435 575 2490 in
596 2452 720 2492 errorem
742 2432 816 2488 viros
838 2432 938 2491 doctos
958 2434 1083 2504 induxit,
1110 2434 1188 2510 quod
1211 2429 1316 2491 τοίνυν
1341 2432 1379 2490 ad

223 2529 383 2609 proximum
405 2526 564 2584 Herodiani
584 2528 774 2585 testimonium
796 2523 952 2596 referrent,
977 2548 1041 2586 curn
1066 2528 1103 2586 ad
1129 2537 1216 2585 totam
1237 2526 1380 2606 Stephani

224 2622 457 2702 disputationem,
477 2640 513 2679 ex
528 2620 713 2697 quaDorium
728 2630 757 2678 el
768 2618 883 2676 Dulium
900 2619 1013 2680 diversa
1032 2622 1098 2679 loca
1117 2639 1183 2680 esse
1203 2621 1379 2698 intelligitur,

225 2725 357 2796 spectare
384 2712 522 2772 videatur.
554 2733 661 2793 operae
688 2717 774 2792 igitur
797 2732 919 2792 parcere
944 2715 1074 2794 potuisse
1100 2714 1191 2773 Orant
1217 2714 1299 2782 dicit,
1330 2714 1378 2789 qui

225 2810 447 2869 demonstratum
468 2809 551 2866 iverit
571 2827 645 2884 quae
666 2808 857 2867 demonstrari
884 2816 1037 2884 nequeant.
1064 2811 1262 2886 παριστοριΐν
1284 2816 1378 2865 autem

225 2901 329 2959 dieitur
344 2900 381 2957 de
391 2920 424 2958 re
431 2901 524 2958 obiter
533 2911 563 2958 et
574 2898 606 2958 ἰν
615 2893 744 2981 παρόδῳ
756 2909 881 2969 narrata,
896 2910 928 2957 ut
939 2901 1019 2979 apod
1030 2901 1120 2958 schol.
1134 2900 1297 2970 'l'lieoor.1‚
1308 2905 1376 2960 117:

224 2983 266 3061 ώς
291 3008 387 3068 φησιν
404 2983 526 3066 Ἴβυκος
549 2995 748 3071 παριστορῶν
771 2989 840 3070 περί
866 2992 922 3068 τῆς
943 2985 1115 3069 Ὀλυμπίας
1139 2985 1262 3073 ῳιώλης.
1287 2993 1377 3052 sohel.

223 3086 308 3142 Hom.
323 3084 357 3140 ΙΙ.
367 3089 395 3153 2,
408 3087 478 3144 745:
500 3080 552 3142 διδ
570 3081 668 3160 μίσου
687 3079 726 3142 τὰ
748 3081 815 3160 περί
835 3081 910 3154 rode
923 3081 1123 3165 Κενταύρους
1142 3073 1378 3165 παριστόρηται.

222 3177 342 3236 Photius
355 3177 431 3236 Bibl.
445 3199 475 3258 p.
487 3182 534 3247 82,
548 3181 599 3237 2οε
622 3170 677 3236 οὐκ
697 3171 784 3254 ὀλίγα
804 3180 1011 3257 παρισταρῶν.
1033 3183 1062 3239 in
1082 3199 1135 3240 usu
1158 3181 1234 3239 uerbi
1249 3172 1379 3258 φάσκειν

221 3290 279 3330 non
299 3271 476 3330 haerendum
496 3280 559 3330 erat
580 3269 659 3347 (vide
680 3292 709 3350 p.
723 3277 788 3341 178,
803 3277 846 3347 2),
866 3292 920 3332 nee
939 3276 1030 3350 inagis
1051 3275 1079 3330 io
1100 3293 1145 3343 eo,
1166 3273 1245 3352 quod
1267 3283 1377 3333 veteres

221 3365 341 3424 Homeri
360 3365 532 3444 interpretes
553 3363 711 3421 Hesiodum
732 3383 954 3424 commemorare
975 3367 1172 3444 neglexerunt.
1198 3385 1233 3424 ae
1252 3366 1378 3427 sortasse

220 3461 359 3517 memoria
378 3459 477 3537 lapsus
497 3469 541 3515 est
554 3457 641 3526 Orus,
663 3459 711 3533 qui
725 3458 846 3516 Hesiodi
860 3462 947 3519 verba
959 3455 1073 3540 Δωτίῳ
1088 3455 1120 3518 ἒν
1133 3455 1227 3540 πεδίῳ
1242 3459 1294 3538 (fr.
1308 3460 1377 3538 141)

222 3549 260 3606 ad
280 3550 456 3625 Tlrarnyrarn
474 3550 662 3609 transtulerit.
760 3555 788 3610 5.
810 3545 846 3610 οδ
865 3547 925 3630 γὰρ
945 3545 1060 3626 ὁμοίως
1078 3546 1098 3630 ἦ
1117 3545 1307 3629 Καλχηδών,
1329 3563 1378 3612 aut

221 3635 257 3700 οδ
277 3636 351 3720 γάρ,
377 3637 419 3710 ῶς
438 3638 457 3719 ἡ
477 3640 655 3720 Χαλκηδών
674 3641 725 3702 καί
745 3640 935 3720 Καλχηδών,
957 3633 1040 3703 oritur
1060 3642 1111 3704 καί
1131 3639 1308 3722 Καλχηδών
1327 3644 1378 3705 καί

221 3728 399 3811 Καρχηδών
410 3731 462 3792 καί
475 3730 514 3792 rol
528 3736 659 3795 τοιαῦτα
670 3733 785 3815 λίγιται
797 3737 981 3796 Ritselrelius.
1060 3730 1236 3813 Καλχηδών
1246 3738 1278 3808 S,
1292 3737 1377 3797 Χαλ·

219 3820 323 3901 κηδών
342 3825 422 3884 editi.
519 3832 549 3886 7.
570 3847 607 3886 an
628 3826 706 3908 πρὸς
724 3829 763 3908 τῇ
781 3821 913 3908 Λιβόῃλ
1003 3824 1212 3911 πραόῳδημεν
1232 3831 1264 3901 S,
1284 3827 1376 3911 αραό·

218 3916 315 3991 δεμεν
334 3917 413 3976 editi.
521 3925 549 3979 8.
570 3916 605 3981 τό
626 3921 695 3980 αδδ.
716 3923 900 3983 Ritsclrelius.
1007 3930 1034 3984 9.
1054 3917 1193 3998 Δώτιον]
1214 3924 1284 3982 Post
1303 3928 1376 3986 liaeo

218 4010 248 4067 in
274 4009 338 4067 cod.
359 4010 381 4066 S
409 4015 561 4086 sequentia
587 4014 760 4073 inseruntur:
787 4007 948 4095 Στεῳόνου
972 4019 1190 4095 γραμματικοῦ
1209 4016 1375 4078 Κωνστιιν-

217 4097 420 4168 τινουπόλαυς
438 4099 507 4177 περί
526 4101 643 4164 πόλεων
662 4101 764 4184 νήσων
782 4126 815 4165 τι
834 4105 886 4166 καί
906 4105 1007 4166 ίδνῶν
1027 4104 1136 4186 δήμων
1154 4131 1186 4169 τι
1206 4109 1257 4171 καί
1272 4106 1376 4172 τόπων

216 4191 268 4251 καί
288 4188 467 4268 ὁμωνυμίας
487 4188 590 4254 αὐτῶν
608 4196 660 4255 καί
678 4197 915 4276 μετωνομασίας
940 4197 991 4260 καί
1015 4202 1078 4260 τῶν
1097 4199 1241 4263 Interes
1260 4224 1374 4284 παρηγ·

215 4279 315 4392 μένων
334 4281 467 4342 ἐθνικῶν
486 4304 518 4343 τι
538 4285 589 4344 καί
607 4292 742 4349 τοπικῶν
761 4290 813 4351 καί
832 4295 983 4370 κτητικῶν
1002 4287 1172 4370 ὀνομάτων.
1192 4294 1316 4373 βιβλίον
1331 4290 1372 4355 cd.

216 4370 313 4435 οιιτιλ
334 4368 488 4454 κεφάλαια
507 4379 618 4438 ταῦτα.
632 4373 752 4459 Ἔαρες,
772 4379 873 4454 λ’δνας.
892 4378 1017 4465 Ἐβόρω
1039 4381 1136 4459 πόλις.
1153 4385 1302 4470 Ἑβραῖοι,
1323 4386 1374 4451 ἕδ-

213 4486 275 4538 νος.
298 4459 431 4546 Ἕβρών,
457 4463 554 4544 πόλις.
578 4464 730 4554 Ἔγγαδα,
756 4471 855 4557 κώμη.
882 4472 1071 4560 Ἕγγελῶνες,
1096 4475 1198 4554 ίδνος.
1221 4477 1371 4563 Ἐγγόιαν,
