2880 5064
733 261 808 335 410

194 441 302 533 τύπῳ.
336 447 556 527 Λαμπιτῖνος
576 441 638 531 γδρ
660 469 703 511 ου
689 437 865 512 ’δύναται
886 434 974 512 εἶναι
997 443 1070 512 διὰ
1077 442 1137 531 τὴν
1159 438 1348 594 παρόληξιν

194 569 255 655 τῆς
276 559 479 653 διφθόγγου.

278 681 548 767 Λαμπέτιιον
580 685 670 769 σῆμα
706 681 741 750 ἐν
773 681 918 771 Λέσβῳ,
958 678 1029 751 όπό
1062 681 1255 766 Λαμπίτου
1288 689 1349 754 τοῦ

186 795 288 890 Ἴρου.

169 948 182 987 ι
280 918 451 1009 Λόμτιη,
474 917 576 1002 πόλις
591 917 733 1011 Κρήτης,
749 917 993 1009 Ἀγαμέμνονος
1006 919 1137 1007 κτίσμα,
1156 916 1227 990 dna
1242 923 1347 1007 Λάιο-

194 1065 263 1109 που
287 1045 355 1108 τοῦ
378 1037 566 1130 ’Ταρροίου
612 1039 652 1109 τό
684 1037 822 1110 ἐθνικόν
852 1048 1053 1126 Λαμπαῐος.
1099 1039 1274 1123 Κλαύδιος
1309 1044 1348 1114 δὲ

191 1155 336 1240 Ἰούλιος
348 1159 524 1244 Λαμπέας
540 1154 662 1238 αύτούς
675 1181 788 1249 φησιν.
822 1158 894 1230 ἔστι
914 1161 973 1230 καὶ
994 1163 1131 1249 δευτέρα
1151 1165 1211 1251 τῆς
1229 1158 1346 1250 Ἀκαρ-

194 1278 321 1359 νανίας.
365 1279 422 1346 καί
442 1276 533 1367 τρίτη
554 1282 613 1367 τῆς
633 1275 890 1367 Ἀργολίδος,ε
866 1308 912 1362 ως
937 1279 1061 1349 Φίλων.
1104 1279 1231 1360 Ξινίιυν
1251 1283 1290 1351 δὲ
1308 1281 1347 1350 ἐν

196 1403 373 1487 Κρητικοῖς
398 1396 457 1465 διδ
484 1394 617 1464 δύο-
566 1421 621 1465 ππ
640 1395 764 1488 γράφοι
783 1397 844 1488 τὴν
865 1396 1027 1468 πόλιν
988 1426 1049 1522 την
1070 1396 1246 1564 Κρητικήιι.
1289 1403 1346 1470 κοί

158 1547 185 1589 ιιι
197 1518 256 1587 διδ
279 1514 408 1585 δύο““
364 1541 410 1584 αα
431 1541 488 1584 και
479 1515 569 1586 διό
589 1521 650 1585 τού
672 1520 703 1606 ἦ.
1279 1573 1280 1576 ι
1303 1565 1307 1574 «

281 1632 557 1722 Λαμπώνεια,
579 1633 682 1717 πόλις
700 1633 869 1726 Τρῳάδος.
900 1634 1196 1730 Ἑκαταῖοςᾊσίᾳ.
1228 1633 1345 1710 τδέδ-

193 1757 286 1826 νικδν
307 1751 536 1840 Λαμπωνιός.
575 1751 767 1837 Ἑλλάνικος
789 1759 828 1825 δὲ
853 1755 1111 1842 Λαμπώνιον
1132 1756 1240 1849 αὐτόν
1260 1784 1344 1850 φησι

194 1877 252 1947 καί
271 1877 311 1946 τό
334 1873 471 1944 δόνικόν
491 1873 734 1959 Λαμπωνιιύς.

279 1981 472 2081 Λόμυρα,
502 1991 603 2076 πόλις
624 1993 758 2075 Λυκίας
780 1997 837 2066 καί
858 1996 1012 2080 ποταμός
1032 1993 1244 2088 Λόμυρος,
1273 1995 1344 2068 δπό

158 2110 476 2205 ιι-δαλόοσηςὺπὲρ
498 2111 667 2204 μετεώρου
687 2112 808 2205 λόφον.
844 2111 863 2182 ὁ
884 2113 1025 2205 πολίτης
1044 2116 1238 2208 Ααμυριός.

281 2231 534 2326 Λάμψακος,
564 2231 667 2315 πόλις
693 2235 778 2302 κατὰ
802 2235 864 2325 τήν
886 2229 1117 2324 Προποντίδα,
1148 2231 1219 2307 δπό
1241 2247 1344 2323 Λαμ-

195 2351 307 2448 ψόκης
323 2351 503 2442 ἐπιχωρίας
516 2353 609 2434 τινός
620 2349 731 2444 κόρης.
764 2352 835 2425 ἔστι
853 2355 892 2424 δδ
909 2355 1076 2423 Φωκαέων
1090 2353 1221 2440 κτίσμα,
1238 2356 1345 2428 πάλαι

195 2473 591 2563 Πιτύουσαλιγομένη,
615 2469 661 2554 ὡς
675 2473 820 2562 Δηίοχος
837 2463 858 2542 ό
874 2473 1066 2564 Κυζικηνός.
1097 2472 1345 2566 Ἐπαφρόδιτος

195 2597 234 2666 δὲ
255 2591 455 2663 Πιτύειαν
482 2589 538 2684 ὑφ’
559 2589 705 2684 Ὁμήρου
725 2589 847 2682 ταύτην
874 2598 1042 2684 κληθῆναι
1069 2595 1127 2664 διὰ
1155 2596 1194 2664 τό
1218 2594 1345 2666 πιτύων

43 2785 44 2788 ,
156 2744 184 2782 ιο
196 2712 283 2801 ἔχειν
299 2716 446 2804 πλῆθος,
461 2710 803 2797 Λαομεδόντειαν
819 2714 1032 2804 καλουμένην.
1066 2709 1138 2782 ἔστι
1153 2710 1186 2782 δ’
1204 2710 1343 2800 εόοινος.

196 2835 281 2906 ὅθεν
302 2836 520 2920 Θεμιστοκλεῖ
540 2832 634 2922 παρὰ
655 2836 715 2900 τοῦ
735 2836 801 2898 τῶν
816 2838 957 2922 Περσῶν
979 2830 1086 2923 ἐδόθη
1108 2836 1276 2919 βασιλέως
1297 2834 1345 2920 τίς

196 2947 298 3024 οἶνον.
343 2952 565 3041 Δημοσθένης
592 2953 631 3020 δὲ
658 2949 716 3019 διὰ
744 2949 784 3018 τό
811 2945 943 3020 ιύοινον
963 2955 1019 3020 καί
1040 2951 1202 3041 Πριάπου
1223 2954 1344 3039 κτίσμα

195 3071 316 3162 ταύτην
339 3069 430 3163 φησί,
451 3075 512 3140 τοῦ
532 3065 607 3139 υίού
624 3065 825 3160 Ἀφροδίτης
846 3071 903 3138 καί
925 3069 1104 3141 Διονύσου.
1135 3075 1186 3140 ’τό
1207 3071 1344 3144 ἒθνικόν

195 3188 444 3283 Λαμψακηνός.

157 3343 184 3382 ιτ
280 3310 476 3406 Λόμψος,
497 3317 599 3400 μοῖρα
618 3315 677 3400 τῆς
699 3309 934 3396 Κλαζομενίων
953 3307 1072 3403 χώρας,
1095 3308 1166 3384 ἀπὸ
1186 3311 1346 3406 Λύμψου

198 3501 399 3515 ,.....-...-.--

196 3611 225 3663 1.
245 3593 321 3660 τίνοι
341 3619 397 3658 om.
417 3601 452 3658 R.
559 3604 587 3660 3.
606 3597 793 3675 Λιιμπίτιον
811 3601 848 3659 V.
944 3601 1001 3659 τού
1020 3619 1076 3660 om.
1098 3602 1135 3660 V.
1232 3605 1260 3662 7.
1279 3595 1345 3660 ἔστι

196 3715 254 3754 om.
274 3696 310 3752 R.
403 3703 432 3754 9.
451 3691 618 3772 Κρητικοῖς
636 3695 804 3764 δεδοικυῖαι,
823 3685 933 3772 Κρήτη
952 3695 1026 3754 libri.
1104 3687 1161 3754 δύο
1181 3696 1203 3755 ῖι
1222 3697 1260 3754 Χ.
1281 3695 1345 3754 vide

197 3808 287 3868 supra
301 3809 330 3868 p.
341 3791 408 3848 402.
487 3788 593 3846 10AE
612 3789 676 3857 ΒΗ,
695 3774 732 3846 s).
751 3789 824 3846 libri.
885 3784 954 3846 διδ
975 3789 1030 3847 τού
1045 3792 1079 3866 ῆ]
1100 3786 1151 3849 διὰ
1172 3783 1229 3848 δύο
1249 3789 1290 3865 ἢῆ
1307 3790 1344 3848 R.

197 3887 303 3942 11.12.
322 3878 358 3940 τό
378 3877 517 3958 θηλυκόν
535 3882 599 3939 RV.
698 3887 744 3940 12.
765 3873 991 3957 Λαμπωνιιεύς
1009 3883 1045 3942 B.
1116 3907 1118 3912 ·
1142 3882 1193 3942 καί
1213 3905 1268 3942 om.
1288 3886 1326 3942 R.

198 3975 244 4035 14.
264 3971 400 4054 Λίμυρα
418 3977 525 4036 Strabo
545 3979 582 4034 14
601 3997 632 4054 p.
653 3979 720 4034 666.
834 3969 992 4054 Λόμυρος
1010 3977 1074 4046 RV,
1097 3975 1242 4053 Λάμυριι
1262 3979 1296 4036 Α.

197 4075 246 4131 17.
266 4065 299 4127 δι’
319 4069 355 4136 X,
375 4066 426 4126 καί
444 4070 520 4127 libri.
616 4072 664 4127 18.
685 4061 870 4128 Πιτόουσσα
889 4069 926 4127 V.
1009 4067 1147 4147 Δηίοχος
1166 4073 1212 4140 W,
1232 4067 1346 4147 Δηίχο·

198 4179 251 4236 ρος
269 4169 303 4232 Α,
322 4152 498 4238 Δηιύχορος
516 4162 580 4230 RV,
598 4158 754 4238 Δηιλοχος
772 4163 924 4221 Mennim.
1028 4171 1074 4224 111.
1090 4158 1243 4242 Ὁμήρου]
1262 4166 1297 4224 ΙΙ.
1318 4169 1347 4235 2,

197 4257 264 4313 829.
342 4261 389 4313 20.
398 4250 641 4328 Λαομεδοντίαν
659 4256 733 4312 libri.
809 4249 875 4313 ἔστι
894 4253 945 4314 καλ
965 4249 1082 4328 εύοινυς
1101 4259 1137 4316 V.
1216 4264 1263 4317 21.
1277 4256 1344 4334 περί

197 4347 235 4404 V.
331 4347 393 4405 τῶν
412 4367 469 4405 om.
488 4348 526 4406 R.
641 4352 689 4405 22.
709 4338 792 4406 οίνοιι
810 4349 874 4418 BH,
899 4341 1016 4408 ιύοινον
1033 4351 1099 4421 RV,
1124 4345 1245 4410 εύνοιαν
1264 4355 1298 4410 Δ.

197 4443 245 4498 23.
266 4438 341 4519 φησί
362 4433 476 4516 ταύτην
495 4441 530 4500 R.
608 4443 655 4499 25.
677 4437 891 4515 Κλαζομενίων
910 4444 945 4512 R,
964 4441 1168 4518 Κλαζομενῶν
1186 4446 1249 4504 AV.
