2888 5084
650 247 723 320 183

102 426 250 505 Πυθίας
279 421 469 514 ζωγράφος,
502 416 542 495 οῦ
571 427 660 498 ἐστιν
691 426 785 518 ἔργον
815 426 833 497 ὁ
864 431 898 498 ἐν
928 428 1096 522 Περγάμῳ
1128 433 1263 524 ἐλέφας,

101 542 173 615 άπό
196 541 437 633 τοιχογραφίας
459 537 519 626 α’ίν,
544 541 589 628 ὡς
614 545 735 616 Φίλων.
779 548 818 616 τδ
841 550 990 637 θηλυκὸν
1011 549 1184 640 Βουραία,
1205 552 1264 620 καί

100 661 207 744 πόλις
228 661 344 743 οῦτως,
366 661 423 730 καί
443 662 636 752 Βουραϊκός
657 662 818 755 κτήτιιιόν.
863 666 995 756 λέγεται
1017 671 1074 739 καὶ
1096 668 1262 761 Βούρειος

100 783 161 852 διά
185 778 390 872 διφθόγγου.
434 781 473 848 τὸ
502 783 540 851 δὲ
568 783 627 850 διὰ
648 789 709 852 τοῦ
730 787 744 851 ἱ
766 781 812 866 ὡς
834 782 953 856 Νύσσα
975 784 1127 870 Νύσσιος
1147 787 1260 878 Βοίβη

99 900 260 987 Βαίβιος.
1273 927 1287 968 t

188 1017 345 1108 Βουραί
352 1045 389 1100 α,
413 1016 516 1098 πόλις
533 1015 688 1102 Ἰταλίας,
711 1017 780 1092 ῦπδ
804 1023 975 1112 Βουραίου
996 1032 1183 1096 κτισθεῖσα.
1220 1027 1260 1096 τὸ

97 1139 240 1210 ἔθνιιιδν
262 1144 441 1227 Βουραῐος.

188 1254 431 1342 Βούρχανις,
455 1262 555 1346 νῆσος
577 1254 611 1326 ἐν
632 1262 675 1348 τῇ
696 1262 859 1352 Κελτικῇ,
883 1256 929 1342 (ῦς
950 1258 1120 1350 Στράβων.

184 1379 359 1457 Βοῦσαι,
382 1374 485 1457 ἔθνος
506 1372 647 1464 Μήδων,
667 1373 854 1466 Ἡρόδοτος
874 1376 1004 1471 πρώτη.

185 1491 398 1582 Βούσιρις,
422 1491 524 1576 πόλις
544 1493 734 1584 Αἰγύπτου.
781 1498 839 1591 ε(δν
859 1497 964 1590 ταύτῃ
976 1494 1081 1580 Ἴσιος
1100 1499 1258 1589 μέγιστον
1271 1527 1298 1566 ιο
1398 1543 1403 1562 t

97 1609 200 1702 λερόν.
222 1611 355 1702 ἵδρυται
377 1610 411 1681 δ’
434 1611 583 1703 ἐνμέσῳ
605 1619 665 1705 τῆς
686 1611 868 1703 Αἰγύπτου
889 1616 925 1686 ἐν
945 1621 993 1706 τῷ
1015 1616 1140 1686 Δέλτα.
1178 1611 1258 1697 Ἰσις

97 1728 133 1810 δ’
164 1728 237 1799 ἔστί
266 1731 351 1798 κατά
379 1731 440 1820 τήν
467 1736 533 1801 τών
557 1730 725 1822 Ἑλλήνιον
752 1736 905 1821 γλιῦσσαν
931 1731 951 1824 ἦ
975 1729 1170 1824 Δημήτηρ’.
1212 1731 1258 1814 ὡς

97 1845 133 1917 δ’
154 1842 265 1929 άλλοι,
287 1848 356 1916 ἐκεῖ
375 1850 508 1937 λέγεται
529 1849 651 1944 θάψαι
672 1849 731 1918 τὸν
743 1844 876 1940 ’Όσιριν
891 1846 972 1934 Ἰσις
993 1852 1188 1938 ἐμβαλοῦσα
1209 1851 1258 1933 τίς
1359 1895 1364 1906 ·

97 1967 231 2057 ξυλίνην
257 1973 355 2054 βοῦν,
386 1967 471 2038 ὥστε
491 1967 696 2058 Βουσόσιριν
725 1962 813 2037 εἶναι
839 1965 899 2059 τήν
925 1967 1039 2039 πόλιν.
1083 1967 1116 2039 οί
1144 1967 1177 2038 δ’
1201 1969 1256 2039 ὅτι

94 2086 266 2178 τοπάρχης
293 2083 333 2178 ἧν
360 2085 378 2157 ὁ
401 2086 562 2179 Βούσιρις
582 2085 651 2158 ὑπὸ
675 2085 842 2177 Ὀσίριδος
864 2089 1100 2171 κατασταθείς.
1146 2086 1165 2158 ὁ
1188 2117 1252 2160 πο·
1268 2115 1293 2155 ιι

95 2206 189 2296 λίτης
211 2207 420 2299 Βουσιρίτης.

181 2323 374 2411 Βούσμαδ
381 2353 431 2408 ις,
446 2323 612 2416 Ἰσαυριιιή
628 2324 740 2406 πόλις.
771 2326 810 2394 τό
827 2325 964 2395 ἔθνιιιδν
978 2324 1253 2416 Βουσμαδιιύτης.

185 2441 407 2527 Βουτάδαι,
439 2447 545 2534 δήμος
570 2449 629 2533 τῆς
649 2442 817 2534 Αἰγηίδος
847 2447 966 2535 φυλῆς.
1010 2445 1163 2533 λέγονται
1190 2448 1252 2535 γάρ

47 2531 55 2548 ⁸
93 2567 200 2653 δῆμοι
227 2569 504 2651 πατρωνυμικιῦς,
539 2557 585 2643 ιύς
613 2560 815 2632 Αίθαλίδαι
844 2562 1061 2632 Κοθωκίδαι.
1105 2561 1177 2632 ἔστι
1212 2565 1251 2634 δὲ

94 2678 195 2770 [άπὸ]
220 2679 351 2752 Βούτου
369 2689 430 2751 τοῦ
451 2679 652 2762 Πανδίονος.
690 2676 877 2770 δδημότης
896 2679 1079 2770 Βουτάδης.
1263 2701 1290 2740 ²⁰

177 2805 346 2885 Βοῦτος,
370 2801 471 2884 πόλις
491 2797 682 2888 Αἰγύπτου.
721 2797 934 2889 Ἡρωδιανὸς
955 2800 993 2870 δὲ
1014 2795 1127 2889 ιιώμην
1148 2795 1251 2889 αὐτήν

92 2945 207 3008 φησιν.
252 2923 401 2992 ἐκαλεῖτο
424 2921 462 2990 δὲ
484 2917 640 3002 Βουτιύ,
664 2915 722 3010 ἀφ’
747 2911 787 3010 ἧς
807 2920 864 2989 καὶ
886 2915 906 3010 ή
928 2918 1035 3008 Αητώ
1057 2916 1186 3000 Βουτώ,
1207 2908 1250 3007 ἧς

91 3067 185 3122 τινος
202 3038 400 3131 χρηστήριον
421 3033 470 3128 ἦν.
516 3037 666 3110 ἐστικαὶ
688 3036 784 3128 ἑτέρα
806 3037 1009 3128 Γεδρωσίας.
1049 3038 1089 3106 τό
1112 3036 1249 3106 δθνιιιόν

88 3248 295 3262 ῃ

88 3392 118 3446 2.
131 3379 194 3444 ἀπὸ
209 3379 432 3461 τοιχογραιγίας
444 3374 487 3440 ιῦν
507 3385 526 3441 ἰ.
538 3403 564 3442 e.
577 3378 793 3463 τοιχογράιγος,
815 3395 846 3441 ut
858 3383 936 3463 apud
949 3378 1144 3439 Alexandrum
1157 3377 1247 3456 Aphr.

89 3481 127 3538 de
148 3471 235 3537 uens'u
257 3497 286 3556 p.
301 3477 375 3535 9712.
397 3487 426 3534 et
445 3476 596 3534 Meteorol.
618 3497 647 3555 p.
663 3481 718 3536 115
740 3471 800 3534 άπὸ
819 3467 1020 3551 μαθημάτων
1039 3464 1091 3528 ών.
1117 3469 1247 3546 Pytheae

88 3572 257 3630 memoriam
277 3569 403 3644 neglexit
423 3569 471 3644 qui
492 3571 609 3648 copiose
630 3570 667 3627 de
685 3569 796 3647 pictura
810 3568 911 3626 murali
926 3566 1061 3624 disseruit
1073 3564 1246 3620 Letronnus.

88 3671 116 3725 3.
129 3656 306 3738 Βουραϊκός
325 3663 388 3730 RV,
408 3656 564 3740 Βυραϊκύς
583 3665 617 3720 Α.
696 3667 723 3720 6.
738 3655 797 3720 ῦπδ
812 3662 851 3729 Μ,
872 3655 932 3718 άπὸ
953 3659 1028 3718 libri.
1106 3661 1136 3715 8.
1150 3646 1247 3730 Στρά·

86 3758 167 3832 βων]
188 3761 209 3814 7
230 3775 260 3833 p.
275 3759 343 3814 201.
363 3756 411 3812 ubi
432 3754 495 3810 libri
515 3751 681 3830 Βυρχανίς.
766 3761 794 3814 9.
816 3746 936 3831 πρώτη]
957 3773 983 3810 ι.
1004 3755 1070 3810 101.
1148 3753 1195 3805 10.
1215 3742 1248 3804 ἓν

88 3845 203 3926 ταύτῃ]
225 3847 300 3906 Sunt
319 3849 406 3904 verba
428 3847 566 3905 Herodoti
581 3854 608 3915 2,
624 3852 671 3908 59.
694 3850 741 3905 nbi
762 3848 878 3924 tegitur:
898 3843 931 3904 ίν
950 3836 1048 3921 ταύτῃ
1066 3838 1126 3919 γὰρ
1146 3835 1185 3917 δὴ
1206 3836 1245 3916 τῇ

87 3937 158 4001 πόλι
184 3935 250 3999 δ’στι
275 3935 419 4015 μέγιστον
438 3933 531 4008 Ἴσιος
555 3932 631 4017 ἱρόν.
658 3936 785 4018 ἵδρυται
811 3935 844 3997 δὲ
868 3933 887 4015 ἡ
907 3931 995 4006 πόλις
1015 3925 1093 4009 αῦτη
1113 3935 1169 4008 τῆς
1186 3929 1244 3990 At-

86 4029 206 4112 γύπτου
226 4029 258 4091 ἓν
276 4027 363 4110 μέσην
384 4032 427 4111 τηῖ
446 4028 561 4089 Δίλτιι.
639 4038 686 4089 12.
707 4031 846 4108 γλῶτταν
864 4033 900 4090 R.
989 4033 1036 4088 13.
1057 4022 1111 4086 τὸν
1124 4019 1246 4101 Ὄσιριν

86 4128 263 4194 bochartus,
282 4118 337 4183 τὸν
355 4118 504 4198 Βούσιριν
524 4125 598 4184 libri.
686 4129 732 4183 17.
753 4115 914 4198 Βούμαδις
935 4120 976 4181 Π.
1076 4125 1123 4178 18.
1148 4113 1245 4191 Ολνηί-

86 4217 143 4288 δος
168 4219 321 4278 Μαιιιτίατ.
439 4223 484 4276 111.
506 4214 699 4276 Κωθιοιιΐδιιι
726 4217 799 4274 libri.
870 4249 871 4254 κ
916 4221 963 4276 20.
985 4208 1046 4272 ἀπὸ
1072 4211 1140 4270 adt.
1161 4211 1198 4269 B.

86 4319 137 4372 22.
151 4309 199 4387 δί]
213 4307 285 4370 mi?
364 4313 411 4368 23.
424 4312 472 4369 24.
486 4294 523 4386 ής
535 4343 569 4354 -
581 4298 620 4387 ἦν
639 4311 703 4368 libri
724 4311 799 4369 inter
818 4307 913 4389 ιγησίν
932 4319 962 4368 et
976 4305 1111 4366 ἐκαλεῖτο
1131 4303 1248 4361 habent.

87 4406 269 4485 transposuit
291 4402 438 4463 Gavelius.
517 4401 582 4478 καί]
604 4401 636 4461 δι’
658 4395 709 4461 V.'
