2888 5070
631 269 706 344 335

173 446 371 537 Ἰουέρνη,
394 445 496 531 πόλις
512 447 549 518 ἐν
561 455 609 540 τῷ
623 457 830 542 Πριτανικῷ.
862 453 901 523 τδ
918 452 1057 524 ἐθνικόν
1073 451 1247 544 Ἰοόερνοι.

171 565 206 637 '1
210 570 348 648 οολιῖς
354 620 364 649 ,
396 565 430 636 oi
445 563 619 654 Ῥωμαῖοι,
643 569 714 640 ολπδ
735 576 796 640 τοῦ
816 575 983 657 βασιλέως
1006 570 1064 663 ἀφ’
1089 564 1131 643 οὗ
1150 576 1206 644 καί
1229 571 1248 644 ό

89 686 171 779 μήν,
199 683 221 778 ἢ
243 683 315 756 ἀπὸ
339 681 517 768 Ἰουλίδας.
560 689 600 759 τό
623 690 761 760 ἐθνινδν
786 687 937 773 Ἰουλεός
957 696 1014 762 καί
1037 689 1189 775 Ἰουλιάς
1209 696 1248 764 τό

90 804 246 897 θηλυκόν,
272 807 360 895 [καί]
381 805 528 906 Ἰουλίς.

172 925 339 1008 Ἰουλίς,
365 922 467 1008 πόλις
489 927 523 996 ἕν
543 927 623 1015 Κέῳ
645 932 686 1018 τῇ
709 925 808 1018 νήσῳ,
832 925 902 998 ἀπό
928 927 1096 1011 Ἰουλίδας
1117 928 1274 1023 κρήνηςι

92 1043 151 1136 ἀφ’
174 1036 214 1137 ἧς
230 1043 417 1133 Σιμωνίδης
440 1046 529 1114 ἐστίν
552 1042 570 1116 ὁ
593 1048 781 1130 μελοποιός
802 1047 859 1115 καί
878 1046 1083 1138 Βακχυλίδης
1105 1045 1125 1117 ὁ
1148 1047 1247 1119 ἇδελ-

93 1169 214 1256 φιδοῦς
245 1162 371 1258 ἐκείνου
402 1165 459 1232 καί
486 1162 742 1254 Ἐρασίστρατος
775 1164 888 1252 ἰατρός
920 1165 1005 1250 μετὰ
1038 1171 1159 1249 ταῦτα,
1192 1170 1249 1238 καί

87 1281 247 1373 Ἀρίστων
270 1278 288 1352 ὃ
311 1281 595 1371 περιπατητικούς.Ι
621 1273 717 1352 οὗτοι
735 1280 935 1373 Ἴουλιῆται.
969 1281 1047 1374 παρ’
1073 1277 1125 1366 οἷς
1147 1285 1249 1372 νόμος

91 1401 204 1492 ἐτίθη,
226 1397 272 1483 ὥς
294 1402 494 1492 Μένανδρος

216 1521 319 1589 καλὸν
340 1522 379 1588 τό
403 1520 514 1590 Κείων
537 1517 679 1605 νόμιμόν
701 1519 787 1603 ἐστι,
814 1523 938 1602 Φανία,
1262 1550 1288 1590 ιο

220 1635 238 1708 ὁ
260 1639 306 1728 μή
330 1637 513 1724 δυνάμενος
536 1641 725 1727 ζῆνκαλῶς
748 1636 788 1708 οὗ
811 1643 851 1731 ζῇ
872 1646 991 1722 κακῶς.

93 1759 298 1844 προσέταττε
326 1759 388 1848 γὰρ
417 1753 498 1838 τοδς
521 1755 608 1847 ὑπὲρ
635 1756 793 1848 ἑξήκοντα
819 1757 875 1848 ἔτη
898 1757 1158 1842 κωνειόζυοθοι,
1189 1760 1249 1824 τοῦ

93 1881 241 1966 διαρκεῖν
267 1884 337 1956 τοῖς
364 1870 482 1958 ίίλλαις
507 1879 568 1967 τήν
595 1873 733 1967 τροφήν.
775 1878 815 1945 τό
846 1874 984 1946 ἐδνικόν
1007 1872 1172 1956 Ἰουλιοδς
1193 1876 1250 1944 καί

89 1992 278 2086 Ἰουλιήτης
300 1991 346 2076 ὥς
367 1993 540 2086 πολιήτης.

172 2113 340 2194 ‘'Inava,
371 2113 473 2196 πόλις
501 2116 580 2203 περὶ
601 2111 817 2206 Καρχηδόνα,
846 2111 892 2196 ὡς
912 2113 1087 2201 Πολύβιος
1112 2109 1247 2204 πρώτῳ.
1262 2142 1287 2182 ιο

93 2234 133 2301 τό
156 2233 291 2303 ἒθνικόν
308 2231 483 2316 Ἵπανεός,
506 2229 552 2314 ὡς
578 2229 692 2302 Τύανα
720 2230 875 2315 Τυανεύς.

170 2346 330 2436 Ἴπνος,
359 2347 399 2442 ἢν
425 2350 588 2423 Ἰπνέαν
614 2353 718 2437 τινές,
747 2358 894 2442 Λοκρῶν
920 2358 987 2422 τῶν
1010 2351 1163 2436 Ὀζολῶν.
1208 2351 1247 2419 τό

94 2471 232 2540 ἒθνικόν
249 2469 393 2553 Ἰπνεός.
1307 2455 1316 2466 ⁴

177 2586 210 2659 '1
214 2597 353 2672 πνοῦς,
376 2589 496 2682 χωρίον
511 2587 545 2658 ἐν
559 2587 673 2678 Σάμῳ,
694 2590 729 2659 ἐν
745 2581 773 2679 ᾦ
788 2587 994 2681 ίιρόνἭρας
1007 2587 1249 2669 Ἰπνουντίδος.

97 2711 228 2798 λέγεται
252 2711 290 2780 δὲ
311 2710 368 2778 καί
383 2707 573 2780 Ἰπνουοία.
1262 2741 1289 2780 κο

96 3041 123 3094 1.
144 3031 176 3093 ἓν
194 3031 240 3113 τῷ
259 3029 442 3113 Πρετανικῷ
462 3029 530 3100 RV,
555 3029 587 3091 ir
613 3032 657 3112 τῷ
682 3033 813 3112 ποταμῷ
834 3026 983 3113 (nimpi)
1003 3033 1049 3114 τῷ
1067 3030 1252 3110 Πρετονικρῖ

96 3131 129 3198 Α,
149 3125 180 3186 ἓν
200 3127 245 3207 τῷ
260 3120 397 3207 [ὠκεανῷ
409 3125 467 3206 τῷ]
482 3123 665 3205 Πρετανικῷ
678 3125 715 3184 B.
737 3125 776 3184 cs.
791 3126 830 3183 ad
843 3121 968 3193 Σίνθος.
988 3135 1056 3203 post
1068 3121 1252 3201 Πρετανικῷ

98 3221 162 3280 libri
182 3221 321 3279 inserunt:
343 3212 370 3275 '1
373 3216 538 3296 ουερνία,
560 3218 662 3293 νῆσος.
681 3211 717 3276 τό
734 3217 802 3294 (hoc
818 3218 886 3276 add.
897 3214 936 3291 R)
958 3211 1082 3276 ἐθνικδν
1098 3208 1250 3288 Ἰούερνοι,

97 3331 216 3390 quorum
241 3320 388 3390 postrema
408 3321 508 3389 aperte
529 3311 568 3368 ad
590 3304 722 3388 Ἰουίρνη
743 3320 892 3388 spectant3
917 3312 1015 3386 itaque
1035 3307 1091 3364 huc
1110 3307 1252 3375 transtuli,

96 3406 238 3484 prioribus
259 3404 375 3462 deletis.
465 3409 493 3461 3.
511 3395 639 3471 Ἰοολιιίς
660 3403 733 3471 libri,
756 3397 885 3470 Ἰουλίας
904 3421 1055 3480 operarum
1077 3417 1174 3459 errore
1194 3399 1231 3458 B.

95 3503 124 3558 4.
145 3495 195 3556 καί
216 3497 285 3556 add.
306 3497 346 3564 M,
366 3497 421 3554 nisi
445 3489 553 3564 Ἰουλίς
572 3515 590 3554 e
610 3499 795 3573 sequentibus
815 3497 978 3574 repetitum.
1072 3497 1100 3552 5.
1122 3486 1195 3571 Κέῳ
1213 3493 1250 3560 Χ,

95 3592 153 3674 Κῷ
173 3592 247 3650 libri.
327 3594 354 3646 6.
376 3586 460 3648 ἐστίν
480 3607 536 3646 om.
556 3589 592 3647 R.
679 3594 706 3647 7.
726 3583 791 3664 μετ’
814 3580 909 3646 αὐτόν
929 3588 965 3657 V,
984 3581 1047 3662 μετ’
1071 3579 1173 3644 αὐτῶν
1192 3586 1253 3652 ΑΒ,

94 3681 174 3760 μετὰ
194 3683 292 3742 ταῦτα
312 3684 469 3744 strahow
488 3703 519 3760 p.
533 3683 601 3741 486.
623 3699 707 3759 quem
728 3683 864 3740 describit
883 3681 1059 3760 Stephanus.
1139 3685 1185 3739 10.
1202 3699 1253 3738 κα-

94 3775 149 3836 λὸν
168 3779 205 3846 V,
230 3775 332 3834 καλῶν
351 3777 412 3834 AR.
529 3768 626 3851 Κήων
650 3775 729 3844 libri,
757 3775 940 3834 emendatum
967 3794 1003 3833 ex
1023 3775 1175 3833 Strabone.
1255 3842 1256 3845 Ἴ

95 3878 142 3931 11.
161 3867 203 3949 μή
227 3869 295 3928 add.
316 3867 431 3928 Strabo.
545 3871 590 3924 12.
609 3858 643 3936 (ἐξ
663 3869 699 3936 V,
726 3861 751 3935 ’ξ’
772 3869 808 3926 R.
906 3864 983 3926 ίτῶν
1001 3869 1037 3926 R.
1134 3855 1255 3922 κωνειιί·
1341 3875 1343 3882 ’

96 3961 205 4035 [tostae
223 3962 282 4040 Pp,
312 3956 519 4034 κωνιιίζεσθαι
540 3961 609 4028 RV,
641 3953 846 4037 ἀγωνίζεσθαι
866 3963 898 4018 Α.
1018 3961 1065 4020 14.
1088 3953 1256 4034 Ἰουλη’ί’της

97 4053 170 4114 HV.
281 4048 428 4131 πολιήτης
449 4053 587 4112 Gareiius
608 4063 674 4110 ante
695 4055 821 4112 Lobeck.
844 4053 881 4109 ad
901 4053 1009 4130 Pbryn.
1030 4076 1060 4132 p.
1082 4057 1149 4121 699,
1171 4050 1255 4107 πολε·

95 4145 206 4223 μηίτης
226 4147 301 4206 libri.
399 4153 447 4206 15.
460 4137 595 4204 Ἴππανα
615 4156 717 4202 contra
736 4146 881 4203 literarum
903 4147 1033 4205 ordinem
1054 4147 1089 4202 B.
1185 4138 1254 4218 περὶ

95 4231 301 4316 Καρχηδόνα]
329 4243 393 4298 Ηοο
417 4240 533 4298 salsum.
649 4230 777 4318 πρώτῳ]
804 4257 829 4296 c.
849 4238 897 4296 24.
925 4240 973 4295 ubi
993 4228 1125 4294 Ἷπποίνα
1153 4235 1257 4292 dieitur

96 4333 252 4410 θηλυκῶς.
339 4337 385 4392 16.
404 4325 564 4398 Ἰππανεός
583 4331 620 4389 Β.
711 4335 757 4388 17.
776 4323 894 4388 Ἰπλίαν
914 4330 951 4387 V.
1041 4334 1087 4388 19.
1108 4321 1180 4408 ἱερῷ
1200 4329 1237 4386 R.

96 4431 144 4484 20.
165 4421 199 4483 (ii
221 4423 289 4482 add.
310 4425 375 4484 RV.
