2902 5070
690 287 766 361 290

152 473 244 566 φησί,
267 473 325 542 καὶ
343 469 511 563 Ἐφεσούς,
535 467 580 551 ὡς
607 464 739 558 Ταρσός
759 464 918 558 Ταρσεύς,
936 462 1202 554 Ἁλικαρνασσός
1219 460 1312 534 ‘Alo
1418 495 1423 590 η

1122 587 1125 590 ¹
1419 597 1420 624 l

152 617 367 682 τιαρνασσενς.
754 633 756 638 -
1002 649 1012 670 ,

233 707 401 801 Ἕφύρα,
432 707 535 790 πόλις
558 705 741 796 Ἠπείρου,
775 703 846 775 ἆπό
870 701 1014 796 Ἐφόρου
1038 709 1099 772 τοῦ
1119 698 1312 793 ’Ἀμβρακος

152 833 212 898 τοῦ
242 833 447 919 Θεσπρωτοῦ
475 833 536 897 τοῦ
563 825 744 908 Λυκάονος
771 829 832 893 τοῦ
859 825 1040 912 Πελασγοῦ
1068 828 1129 892 τοῦ
1156 829 1312 912 γηγενοῦς

129 953 214 1017 ατοῦ
228 944 401 1038 Ἅρκύόος.
446 947 481 1016 ἐκ
502 943 623 1034 ταύτης
638 941 809 1032 Ἀστυόχη,
832 939 852 1032 ἡ
876 941 982 1034 μήτηρ
1009 943 1241 1032 Τληπολέμου,
1265 940 1311 1022 ιὶίς

154 1092 257 1159 φησιν
273 1066 429 1155 Ὅμηρος.
472 1057 513 1155 ἦν
538 1066 577 1135 δὲ
607 1063 689 1152 oiim
710 1063 835 1148 μεταξύ
856 1061 973 1131 Πύλου
1001 1065 1058 1132 καὶ
1075 1057 1237 1141 Ἤλιδος,
1264 1057 1310 1140 ὡς

151 1184 385 1275 Παρμενίσκος
414 1183 525 1275 φησίν.
568 1179 709 1272 ἠγνόησε
737 1178 771 1250 ‹i'
797 1180 850 1250 ὅτι
870 1177 1012 1272 μυχὸςὴ
1038 1178 1213 1271 Κύρινθός
1239 1180 1310 1248 ἔστι
1348 1172 1353 1179 ’

152 1301 293 1392 Γλαύκῳ
320 1302 406 1392 πρός
434 1298 601 1382 ἀνατολὰς
629 1300 774 1369 οἷκοῦντι
802 1297 849 1382 ὡς
876 1298 917 1370 liv
943 1306 1003 1392 τῆς
1030 1297 1198 1392 Εὐρώπης
1225 1293 1310 1368 ούσα

153 1419 368 1510 ὄυτικαποίτη.
413 1422 568 1510 κέκληται
602 1421 640 1489 δὲ
661 1417 746 1489 ’ύπὸ
781 1419 965 1509 Κορίνθου.
1000 1419 1146 1509 Ὅμηρος
1179 1413 1238 1488 οὖν
1269 1418 1309 1486 τό

115 1540 275 1634 ιοἝφύρη
296 1542 354 1611 ἐπὶ
375 1543 434 1629 τῆς
449 1537 624 1627 Κορίνθου
646 1536 721 1629 ἔφη.
755 1537 827 1608 ἔστι
848 1541 905 1608 καὶ
926 1534 1012 1628 ίίλλη
1030 1535 1155 1629 Ἐφύρη
1178 1534 1309 1628 Κρόν-

155 1689 250 1732 νουν
271 1660 446 1750 λεγομένη,
475 1657 520 1740 tic
541 1683 626 1748 φησι
648 1659 774 1739 Κινέας
797 1654 815 1726 ό
838 1656 946 1749 ῥήτωρ
969 1661 1026 1728 ναὶ
1047 1654 1309 1749 Ἐπαφρόδιτος.

151 1837 353 1852 *-

151 1947 180 2000 3.
197 1933 359 2014 Ἠπείρου]
380 1929 412 1995 ἓν
430 1933 470 2013 τῇ
491 1929 688 2010 Θεσπρωτίδι
709 1933 778 1993 add.
800 1934 834 1994 B.
936 1927 1114 2014 Ἀμάραντος
1133 1933 1212 2001 libri,
1234 1952 1308 1990 corr.

96 2061 101 2070 ·
150 2031 319 2090 Palmerius.
342 2049 366 2086 v.
388 2030 417 2086 in
429 2021 615 2102 Ἀμβρακία.
693 2029 721 2086 4.
740 2027 904 2096 Λυκαῖνος
922 2030 959 2087 R.
984 2019 1155 2095 Λυκάονος
1173 2025 1230 2083 τοῦ
1249 2023 1309 2082 Πε-

151 2121 268 2198 λασγοῦ
291 2121 466 2188 Palmerius,
491 2115 658 2196 Πελασγοῦ
681 2121 738 2178 τοῦ
756 2115 927 2189 Λυκάονος
951 2121 1027 2179 lihri.
1144 2126 1172 2180 5.
1193 2113 1310 2196 ταύτης

151 2212 260 2282 HRV,
289 2206 401 2272 τούτου
432 2215 466 2270 Α.
497 2211 673 2288 Epiroticam
705 2216 764 2273 sive
780 2245 781 2248 ¹
796 2215 1017 2293 Thesproticam
1040 2213 1192 2293 ¹Ephyram
1222 2214 1309 2271 etiam

151 2308 345 2388 Apollodorus
365 2310 399 2376 2,
418 2309 447 2364 7.
468 2314 497 2364 et
515 2306 661 2364 Diodorus
682 2307 741 2364 Sic.
762 2307 795 2375 4,
815 2311 862 2365 36.
884 2306 1046 2383 Astyochae
1067 2308 1189 2384 patriam
1210 2309 1309 2363 urbem

152 2411 334 2480 nuncupant,
360 2398 508 2476 plerisque
529 2399 710 2454 Homericum
731 2397 839 2468 loeium,
861 2419 945 2476 quem
966 2399 1051 2458 affert
1070 2399 1251 2478 Stephanus,
1272 2397 1310 2455 de

150 2495 251 2552 Eliaca
270 2493 388 2572 Ephyra
411 2492 674 2569 interpretantibus.
702 2491 739 2549 de
766 2511 822 2568 qua
849 2511 913 2550 cum
937 2504 1045 2550 certum
1071 2495 1108 2550 sit
1128 2494 1157 2548 in
1178 2492 1309 2569 proxime

152 2589 336 2664 sequentihus
357 2585 418 2662 agi,
444 2584 626 2642 manifestum
652 2593 696 2640 est
716 2595 764 2642 aut
785 2595 852 2643 ante
872 2582 905 2643 lx
925 2577 1040 2662 ταύτης
1059 2595 1110 2644 aut
1129 2596 1195 2643 ante
1216 2571 1255 2662 ἦν
1275 2581 1309 2642 tt

151 2671 230 2757 αύτη
252 2679 394 2739 ehcidisse
416 2679 501 2735 verba
522 2670 650 2750 ύτυτίρα
669 2663 852 2752 περίἮλιν.
932 2682 959 2736 6.
974 2668 1125 2755 Ὅμηρος]
1147 2678 1179 2735 ll.
1190 2683 1218 2746 2,
1239 2682 1308 2738 658.

150 2780 179 2834 7.
199 2767 342 2851 ἠγνόησε]
372 2771 417 2829 De
443 2770 560 2849 Ephyra
589 2768 773 2827 Corinthiaca
805 2774 852 2847 agi
882 2772 988 2828 docent
1018 2773 1178 2847 sequentia.
1209 2773 1308 2847 itaque

151 2867 293 2925 excidisse
323 2863 369 2921 vel
399 2867 435 2921 ab
466 2865 654 2941 epitomatore
681 2863 787 2920 omissa
813 2881 878 2922 esse
905 2864 1038 2922 videntur
1063 2867 1148 2921 verha
1173 2861 1262 2942 τρίτη
1287 2859 1307 2942 ἡ
1407 2904 1408 2914 .

149 2948 280 3033 ὕστερον
293 2948 452 3029 Κόρινθος
464 2947 688 3030 ὀνομασθεῖσα.
708 2947 837 3030 η’γνόηστ
859 2957 944 3031 igitur
962 2975 1020 3014 non
1041 2957 1079 3014 ad
1092 2957 1307 3015 Parmeniscurn

153 3057 274 3128 spectat,
295 3047 348 3104 sed
368 3047 407 3105 ad
427 3046 513 3104 alium
534 3049 757 3123 grammaticum,
779 3049 828 3124 qui
849 3049 1002 3107 Homerica
1023 3050 1070 3126 (ll.
1091 3053 1118 3118 6,
1139 3049 1220 3126 151.)
1242 3045 1307 3109 ἔστι

151 3134 238 3210 πόλις
259 3132 378 3219 ’Κηύρη
398 3140 488 3220 μυχῷ
506 3130 630 3217 Ἄργιος
650 3133 840 3216 ἱπποβότοιο,
863 3159 946 3217 quae,
958 3162 1016 3199 non
1036 3143 1152 3200 dubium
1173 3153 1218 3201 est
1239 3145 1307 3220 quin

152 3237 317 3314 Stephanus
338 3233 515 3312 apposuerit,
535 3251 591 3289 non
613 3233 650 3290 de
668 3233 818 3303 Corintho,
838 3235 891 3293 sed
912 3235 949 3292 de
970 3235 1027 3292 alia
1046 3237 1165 3316 Ephyra
1185 3236 1307 3313 intelligi

152 3329 289 3386 voluerat.
317 3326 469 3403 sequentia
495 3326 588 3382 minus
615 3346 700 3404 quam
726 3338 862 3406 putantur
887 3346 952 3385 esse
978 3330 1100 3385 obscura
1125 3329 1305 3396 ridebuntur,

153 3423 177 3480 si
199 3421 340 3477 Glaucum
367 3419 511 3494 intelligas
537 3439 595 3477 non
618 3420 812 3490 Corinthium,
837 3421 888 3480 sed
910 3421 1043 3498 Lycium,
1070 3421 1210 3480 Corinthii
1237 3443 1305 3501 pro·

152 3522 295 3590 nepotem,
317 3513 335 3568 i.
355 3533 380 3569 e.
402 3531 466 3569 eum
488 3513 580 3591 ipsum
602 3533 686 3590 quem
707 3515 849 3572 Homerus
870 3516 925 3571 ista
946 3515 1088 3572 dicentem
1108 3514 1187 3573 fecit.
1210 3517 1306 3592 itaque
1393 3593 1395 3598 ,

150 3605 206 3662 hoo
226 3603 287 3661 sere
309 3603 389 3661 tlicit:
411 3605 562 3674 Glaucum,
583 3607 739 3683 longinquo
756 3607 905 3664 intervallo
920 3627 937 3666 a
952 3609 1078 3664 Graecia
1092 3608 1233 3675 dissitum,
1253 3628 1304 3667 ex-

150 3699 276 3754 istimare
287 3697 432 3775 Ephyram
446 3701 474 3754 in
489 3709 615 3756 extremo
627 3701 763 3777 Europae
778 3717 896 3757 recessu
911 3703 994 3760 sitam
1009 3721 1085 3761 esse.
1165 3709 1193 3761 9.
1205 3697 1305 3778 κίκλη-

149 3809 199 3847 ται
220 3787 254 3848 ύὲ
274 3783 334 3847 ἀπὸ
354 3786 530 3868 Κορίνθου]
557 3791 702 3869 Ephyram
729 3803 832 3872 postea
853 3794 1021 3851 Corinthum
1043 3795 1219 3872 appellatam
1241 3815 1305 3853 esse

150 3882 219 3938 dicit
239 3902 255 3938 a
277 3883 416 3940 Corintho
436 3883 509 3940 loris
530 3885 575 3942 rel
595 3895 625 3940 ut
645 3885 708 3941 aliis
729 3887 838 3963 placuit
857 3886 1034 3946 Marathonis
1054 3887 1123 3956 filio,
1145 3887 1182 3945 de
1203 3907 1261 3963 quo
1279 3909 1303 3946 v.

149 3975 273 4032 Pausan.
295 3979 322 4040 2,
344 3980 371 4041 1,
393 3981 419 4033 1.
442 3986 470 4033 et
490 3981 518 4046 2,
538 3981 566 4049 3,
588 3984 634 4036 10.
656 3978 746 4036 sclml.
767 3980 852 4037 Arist.
874 3982 946 4038 Rau.
967 3983 1033 4040 «139.
1128 3985 1172 4037 10.
1194 3977 1243 4037 tut
1265 3983 1303 4050 hl,

148 4065 216 4146 περί
241 4066 316 4123 libri.
434 4074 538 4127 10.11.
559 4067 724 4148 Κραννοῦν
743 4073 784 4141 V,
811 4068 975 4150 Κρόννους
994 4075 1058 4143 AR,
1084 4067 1220 4150 Κρανιύν
1240 4076 1303 4133 ΒΗ.

148 4159 327 4219 restituenda
348 4170 410 4215 erat
430 4161 523 4219 forma
544 4165 730 4232 Thessalica,
751 4167 832 4223 cuius
852 4187 909 4224 nou
931 4171 1052 4224 obscura
1074 4168 1193 4242 vestigia
1214 4168 1303 4226 hahes

148 4255 175 4310 in
201 4271 287 4311 ntimo
313 4251 392 4329 apud
418 4253 537 4312 Echhel.
558 4257 623 4316 DN.
644 4263 673 4315 2.
694 4279 723 4335 p.
747 4261 811 4315 136.
833 4257 1061 4318 ΚΡΑΝΝΟΥ.
1083 4259 1207 4318 ΕΦΥΡ.
1236 4264 1254 4320 i.
1276 4283 1301 4319 c.

146 4341 378 4422 Κραννουνίουν
399 4337 563 4426 Ἐηύρουπ
595 4353 633 4408 cf.
659 4350 787 4408 Boeclth.
810 4353 844 4409 C.
867 4353 888 4409 l.
916 4353 971 4410 rol.
995 4359 1020 4410 1.
1047 4373 1077 4430 p.
1099 4358 1165 4412 860.
1192 4355 1303 4412 Ahrens

144 4437 221 4497 Dial.
243 4439 323 4496 Aeol.
346 4459 375 4515 p.
396 4443 462 4500 221.
488 4441 557 4499 Dor.
585 4455 614 4519 p.
636 4447 702 4502 529.
729 4462 848 4519 qrrorum
876 4447 1015 4523 exernplis
1041 4447 1119 4504 adde
1142 4439 1303 4521 Θούμαιον
