2902 5070
750 259 824 335 2¹2

299 441 521 536 Γορδυνία,
545 440 649 522 πόλις
664 439 892 520 Μακεδονίας.
926 439 965 505 τό
983 434 1119 506 ἐθνικὸν
1137 432 1369 526 Γορδυνιάτης.

300 560 466 652 Γόρτυν,
490 558 592 642 πόλις
607 558 751 650 Κρήτης.
785 557 890 638 οῦτως
910 558 948 626 δέ
964 558 1022 626 διά
1037 561 1098 625 τοῦ
1113 563 1139 623 ῦ.
1174 551 1245 624 άπό
1261 553 1372 645 ἥρωος

211 680 368 772 Γόρτυος.
401 681 549 749 ἐκαλεῖτο
571 681 609 749 δέ
631 681 688 747 καί
704 674 908 765 Λάρισσα.
940 673 1105 765 πρότερον
1126 675 1188 764 γάρ
1216 674 1368 744 ίκαλεῖτο
1390 749 1394 762 ,

209 797 398 882 Ἑλλωτίς
422 798 527 879 (οῦτω
558 801 619 888 γάρ
650 799 742 883 παρὰ
772 796 898 885 Κρησίν
923 790 944 884 ἡ
977 791 1155 884 Εὐρώπη),
1185 788 1258 862 εἶτα
1289 788 1374 862 Λά-

190 941 352 1007 ερισσα,
376 914 448 987 εἶτα
470 916 659 1007 Κρημνία
686 917 744 984 καί
771 913 908 1001 ύστερον
931 908 1094 997 Γόρτυς.
1138 915 1224 1002 φασί
1251 913 1290 982 δέ
1315 913 1375 1002 τῆν

218 1034 404 1126 αἰτιατικὴν
433 1034 466 1104 οῖ
497 1037 559 1122 μέν
590 1030 801 1119 δισυλλάβως
829 1030 972 1124 Γόρτυν,
1008 1028 1041 1098 οἰ
1075 1031 1113 1099 δέ
1145 1029 1376 1120 τρισυλλάβως

220 1151 395 1248 αΓόρτυνά
415 1180 452 1220 τε
474 1149 717 1237 τειχιόεσσαν”.
763 1148 796 1218 οἰ
817 1151 855 1220 δὲ
877 1148 1047 1240 Γόρτυναν
1068 1144 1115 1229 ὡς
1137 1143 1276 1235 ὀίμυναν.

305 1280 335 1338 Γ
343 1267 483 1354 ότθοι,
517 1269 619 1349 έθνος
651 1267 761 1338 πάλαι
788 1266 926 1358 οἰκῆσαν
953 1267 1046 1348 ἐντός
1074 1273 1133 1357 τῆς
1161 1265 1375 1348 Μαιώτιδος.

94 1391 100 1403 ’
217 1389 354 1478 ὕστερον
385 1389 423 1458 δέ
444 1387 496 1470 εἰς
522 1389 582 1478 τὴν
609 1385 703 1468 ἐκτός
728 1384 860 1479 Θρᾴκην
886 1389 1145 1476 μετανέστησαν,
1175 1382 1221 1468 ὡς
1249 1385 1379 1475 εἴρηταί

180 1543 207 1583 ιο
218 1533 278 1593 μοι
316 1507 363 1576 ἔν’
388 1512 458 1586 τοῖς
491 1507 743 1588 Βυζαντιακσῖς.
799 1506 964 1595 μέμνηται
999 1502 1126 1574 τούτιυν
1161 1501 1181 1575 ὃ
1218 1506 1379 1585 Φωκαεύς

218 1627 425 1717 Παρθένιος.

305 1754 336 1814 Γ
340 1742 477 1826 ούνας,
497 1742 650 1814 κατοικία
665 1744 799 1832 Συρίας,
814 1741 1001 1834 βαθύγειος
1015 1744 1073 1812 καί
1087 1738 1264 1832 εῦκαρπος.
1295 1741 1380 1811 ὅθεν

219 1867 276 1933 καί
297 1858 456 1948 τοῦνομα,
479 1864 538 1932 διά
560 1865 600 1932 τό
622 1861 770 1951 γόνιμον.
812 1864 851 1931 τό
874 1861 1012 1932 έθνικόν
1033 1865 1228 1951 Γουναῖτης.

307 1988 451 2071 Γραῖα,
475 1980 577 2064 πόλις
596 1978 775 2070 Ἐρετρίας.
819 1978 837 2051 ὁ
861 1980 1001 2070 πολίτης
1022 1988 1156 2070 Γραῖος.
1200 1977 1381 2071 ἀφαίρεσις

178 2106 335 2196 ιεγίγονε
355 2106 415 2191 τῆς
437 2098 547 2190 ἀρχῆς,
571 2096 617 2182 ὡς
639 2095 858 2188 δειχθήσεται
881 2098 916 2169 ἐν
936 2106 984 2192 τῷ
1012 2098 1217 2190 Ταναγραία.

307 2219 500 2313 Γραικός,
525 2215 689 2307 όἛλλην,
713 2215 886 2300 ὀξυτόνως,
912 2217 930 2288 ὃ
956 2225 1131 2291 Θεσσαλοῦ
1153 2217 1234 2301 υῖός,
1258 2215 1316 2310 ἀφ’
1342 2209 1382 2286 οῦ

221 2339 362 2434 Γραικοί
383 2337 596 2427 οῖἝλληνες.
633 2335 805 2429 Κεφάλων
826 2340 864 2407 δέ
886 2338 942 2406 καί
962 2339 1021 2407 τόν
1045 2339 1208 2430 Γράνικον
1227 2337 1382 2424 ποταμὸν

223 2463 379 2538 ἐντεῦθεν
400 2460 579 2546 κληθῆναι.
621 2458 660 2526 τό
684 2458 722 2527 δέ
749 2463 893 2547 Γραῖκος
913 2457 952 2524 τό
976 2456 1091 2549 κύριον
1111 2457 1299 2548 βαρύνεται.
1342 2457 1382 2526 τό

224 2575 283 2650 οὖν
303 2577 441 2649 ε’θνικδν
464 2572 628 2658 ὀξύνεται.
672 2576 803 2665 λέγεται
830 2576 887 2644 καί
908 2580 1087 2668 Γραικίτης
1107 2581 1163 2647 καί
1184 2577 1323 2667 Γραικίς
1342 2577 1381 2646 τὸ

185 2735 212 2772 ιο
224 2697 383 2790 θηλυκόν.
416 2706 447 2765 Γ
445 2702 555 2788 ραῖκες
572 2697 610 2765 δέ
627 2696 720 2784 παρά
738 2691 899 2780 Ἀλκμᾶνι
915 2693 952 2764 αῖ
968 2702 1035 2765 τοῖν
1047 2695 1214 2788 Ἑλλήνων
1233 2697 1381 2787 μητέρες,

225 2819 282 2885 καὶ
304 2817 397 2906 παρά
419 2817 590 2906 Σοφοκλεῖ
612 2815 647 2883 ἐν
668 2815 846 2901 Ποιμέσιν.
891 2811 962 2884 έστι
990 2817 1028 2885 δέ
1055 2812 1077 2905 ἢ
1098 2811 1381 2903 μεταπλασμδςῆ

223 2938 283 3022 τῆς
298 2941 328 2999 Γ
326 2930 405 3024 ραίξ
425 2930 564 3013 εὐθείας
585 2931 693 3013 κλίσις
713 2930 813 3001 ἐστίν.
846 2929 912 3002 εἰσί
932 2935 970 3004 δὲ
986 2935 1044 3002 καί
1061 2942 1198 3026 Γραῖκες
1211 2933 1380 3015 Αἰολέων,

226 3050 259 3120 οῖ
279 3051 318 3120 τό
340 3049 473 3140 Πάριον
499 3047 676 3132 οἰκοῦντες.

226 3311 254 3365 3.
275 3304 410 3366 ἐκαλεῖτο
436 3299 470 3361 δέ
494 3299 544 3360 καί
568 3295 725 3381 Λύρισσα
753 3325 809 3364 oin.
829 3307 866 3363 V.
984 3312 1011 3365 3.
1028 3308 1056 3366 4.
1076 3302 1226 3384 πρότερον
1251 3339 1290 3348 -
1315 3297 1381 3365 εἶτα

223 3393 380 3475 Λάρισσα
400 3396 468 3455 add.
479 3396 543 3464 RV,
564 3415 683 3471 quorum
703 3396 740 3453 V.
759 3395 819 3476 γὰρ
841 3401 952 3458 omittit.
1032 3405 1059 3458 6.
1072 3393 1214 3476 Γόρτυνά
1229 3403 1276 3474 τε]
1298 3403 1381 3458 Hom.

226 3492 376 3559 112646.
454 3493 483 3548 8·
496 3481 662 3555 Mantuam
681 3489 718 3547 V·
797 3487 923 3560 9.ἒκτδς
945 3488 1074 3575 Θρᾴκην
1092 3495 1130 3562 R,
1149 3488 1235 3559 ἐντός
1257 3486 1384 3576 Θρᾴκης

226 3583 288 3640 AV.
368 3587 414 3640 10.
427 3581 627 3655 Βυζαντικοῖς
642 3582 715 3641 libri.
730 3603 755 3640 v.
772 3603 858 3660 supra
873 3585 910 3641 ad
925 3592 1034 3664 ρ.189,
1048 3591 1095 3643 12.
1117 3603 1211 3660 neque
1228 3588 1303 3644 enim
1318 3586 1384 3642 ltine

227 3677 358 3751 colligam
378 3674 558 3752 Stephanum
579 3677 729 3754 scripsisse
749 3677 934 3751 Byzantiaca.
957 3680 1086 3737 similiter
1106 3678 1211 3735 Strabo
1227 3683 1247 3736 8
1266 3699 1297 3756 p.
1311 3681 1382 3738 371:

227 3764 356 3842 ἐροῦμεν
376 3762 407 3824 δ’
430 3765 461 3824 ἓν
480 3772 545 3834 τοῖς
564 3766 723 3841 Καρικοῖς,
745 3771 763 3827 i.
781 3790 807 3827 e.
834 3772 861 3827 in
883 3791 918 3829 ea
939 3773 1035 3850 operis
1055 3781 1138 3849 parte
1159 3789 1216 3846 qna
1237 3770 1274 3829 de
1296 3773 1383 3829 Caria

227 3862 328 3935 agitur.
444 3870 511 3936 post
534 3856 683 3928 Φωκαεύς
708 3863 734 3919 R
760 3863 829 3918 add.
851 3857 1019 3935 Βυζάντιος
1043 3865 1149 3922 lineola
1174 3863 1324 3921 subducta.

228 3957 274 4010 12.
287 3950 317 4008 Γ
314 3952 407 4019 ουνῦς
425 3953 566 4008 incertum
587 3971 623 4008 an
638 3949 668 4008 Γ
665 3957 758 4010 ουναῖ
773 3954 808 4023 R,
829 3973 884 4013 om.
898 3976 958 4013 acc.
970 3957 1006 4024 V,
1028 3955 1058 4015 Γ
1054 3956 1147 4023 σῦνας
1160 3956 1193 4012 L.
1205 3956 1382 4016 Dindorfius.

227 4049 274 4102 13.
296 4041 348 4100 διὰ
369 4063 425 4100 σοι.
445 4045 482 4101 R.
580 4047 626 4101 15.
652 4038 821 4122 Τανάγραλ
928 4053 975 4107 16.
997 4047 1027 4105 Γ
1025 4043 1144 4122 ραικύς]
1166 4049 1278 4105 Initium
1299 4049 1382 4108 liuius

228 4138 363 4194 sectionis
383 4138 423 4192 ita
443 4137 504 4194 sere
522 4134 687 4213 Stephanus
708 4139 877 4215 scripserat:
900 4138 928 4196 Γ
926 4135 1032 4215 ραικός
1053 4134 1068 4200 ὃ
1090 4131 1201 4215 Ἕλλην
1221 4135 1381 4209 ὀξυτόνως,

226 4223 262 4285 τὸ
283 4225 317 4284 δὲ
338 4226 368 4284 Γ
364 4232 470 4305 ραῖκος
490 4223 525 4285 τὸ
546 4222 651 4302 κύριον
669 4223 845 4302 βαρύνεται.
872 4217 911 4305 ἦν
931 4229 964 4290 δέ
987 4229 1152 4289 Θεσσαλοῦ
1171 4227 1247 4300 υἱός,
1269 4227 1323 4311 ἀφ’
1345 4219 1382 4291 οῦ

227 4351 264 4362 -
284 4320 446 4395 κληθῆναι.
473 4313 508 4375 τὸ
533 4305 588 4375 σῦν
614 4314 737 4376 έθνικδν
757 4313 904 4388 ὀξύνεται.
1022 4329 1068 4382 17.
1092 4319 1243 4400 Γρανικὸν
1267 4325 1341 4382 libri.

226 4417 272 4471 111.
286 4399 339 4466 ούν
359 4432 414 4469 om.
428 4413 464 4468 V.
543 4415 589 4467 22.
603 4407 659 4466 είσί
675 4407 708 4466 δὲ
724 4429 779 4468 oin.
794 4414 830 4470 V.
910 4415 1039 4492 Γραῖκες
1052 4416 1200 4494 Ppmtv,
1223 4415 1333 4489 Γραῦς
1346 4419 1379 4475 Α.
