<?xml version="1.0" encoding="UTF-8"?>
<!DOCTYPE html PUBLIC "-//W3C//DTD XHTML 1.0 Transitional//EN"
    "http://www.w3.org/TR/xhtml1/DTD/xhtml1-transitional.dtd">
<html xmlns="http://www.w3.org/1999/xhtml" xml:lang="en" lang="en">
 <head>
  <title>
</title>
<meta http-equiv="Content-Type" content="text/html;charset=utf-8" />
  <meta name='ocr-system' content='tesseract 3.04.00' />
  <meta name='ocr-capabilities' content='ocr_page ocr_carea ocr_par ocr_line ocrx_word'/>
</head>
<body>
  <div class='ocr_page' id='page_1' title='image "./stephanibyzanti00meingoog_0424.png"; bbox 0 0 2880 5064; ppageno 0'>
   <div class='ocr_carea' id='block_1_1' title="bbox 607 256 678 330">
    <p class='ocr_par' dir='ltr' id='par_1_1' title="bbox 607 256 678 330">
     <span class='ocr_line' id='line_1_1' title="bbox 607 256 678 330; baseline 0.014 -1"><span class='ocrx_word' id='word_1_1' title='bbox 607 256 678 330; x_wconf 79' lang='lat'><strong><em>411</em></strong></span> 
     </span>
    </p>
   </div>
   <div class='ocr_carea' id='block_1_2' title="bbox 66 415 1267 2922">
    <p class='ocr_par' dir='ltr' id='par_1_2' title="bbox 66 415 1220 654">
     <span class='ocr_line' id='line_1_2' title="bbox 66 415 1220 574; baseline -0.003 -60"><span class='ocrx_word' id='word_1_2' title='bbox 66 441 191 523; x_wconf 86' lang='grc' dir='ltr'><strong><em>παιδός</em></strong></span> <span class='ocrx_word' id='word_1_3' title='bbox 218 437 405 528; x_wconf 83' lang='grc' dir='ltr'><strong><em>Κοδρίδυυ,</em></strong></span> <span class='ocrx_word' id='word_1_4' title='bbox 437 435 485 521; x_wconf 85' lang='grc' dir='ltr'><strong><em>ὡς</em></strong></span> <span class='ocrx_word' id='word_1_5' title='bbox 497 415 644 529; x_wconf 73' lang='grc' dir='ltr'><strong><em>’Ἔφορος</em></strong></span> <span class='ocrx_word' id='word_1_6' title='bbox 665 436 774 528; x_wconf 93' lang='grc' dir='ltr'><strong><em>τρίτῳ.</em></strong></span> <span class='ocrx_word' id='word_1_7' title='bbox 819 439 869 508; x_wconf 82' lang='grc' dir='ltr'><strong><em>τό</em></strong></span> <span class='ocrx_word' id='word_1_8' title='bbox 880 439 1018 509; x_wconf 71' lang='grc' dir='ltr'><strong><em>ίδνικόν</em></strong></span> <span class='ocrx_word' id='word_1_9' title='bbox 1040 435 1220 574; x_wconf 82' lang='grc' dir='ltr'><strong><em>Λόμψιος,</em></strong></span> 
     </span>
     <span class='ocr_line' id='line_1_3' title="bbox 67 557 635 654; baseline -0.016 -21"><span class='ocrx_word' id='word_1_10' title='bbox 67 559 113 644; x_wconf 84' lang='grc' dir='ltr'><strong><em>ὡς</em></strong></span> <span class='ocrx_word' id='word_1_11' title='bbox 137 558 275 654; x_wconf 81' lang='grc' dir='ltr'><strong><em>Θόψιος</em></strong></span> <span class='ocrx_word' id='word_1_12' title='bbox 295 557 424 644; x_wconf 81' lang='grc' dir='ltr'><strong><em>Σάμιος</em></strong></span> <span class='ocrx_word' id='word_1_13' title='bbox 446 557 635 652; x_wconf 80' lang='grc' dir='ltr'><strong><em>Κίῳιος.</em></strong></span> 
     </span>
    </p>

    <p class='ocr_par' dir='ltr' id='par_1_3' title="bbox 66 673 1248 1130">
     <span class='ocr_line' id='line_1_4' title="bbox 152 673 1223 770; baseline -0.002 -20"><span class='ocrx_word' id='word_1_14' title='bbox 152 675 496 764; x_wconf 82' lang='grc' dir='ltr'><strong><em>Λαοδαμόντιια,</em></strong></span> <span class='ocrx_word' id='word_1_15' title='bbox 536 683 636 769; x_wconf 79' lang='grc' dir='ltr'><strong><em>νῆσος</em></strong></span> <span class='ocrx_word' id='word_1_16' title='bbox 672 677 707 748; x_wconf 78' lang='grc' dir='ltr'><strong><em>ἐν</em></strong></span> <span class='ocrx_word' id='word_1_17' title='bbox 740 673 868 769; x_wconf 78' lang='grc' dir='ltr'><strong><em>Λιβύη.</em></strong></span> <span class='ocrx_word' id='word_1_18' title='bbox 910 675 1153 770; x_wconf 77' lang='grc' dir='ltr'><strong><em>Ἀρτεμίδωρος</em></strong></span> <span class='ocrx_word' id='word_1_19' title='bbox 1187 682 1223 752; x_wconf 75' lang='grc' dir='ltr'><strong><em>ἓν</em></strong></span> 
     </span>
     <span class='ocr_line' id='line_1_5' title="bbox 66 794 1223 892; baseline -0.001 -21"><span class='ocrx_word' id='word_1_20' title='bbox 66 801 212 892; x_wconf 71' lang='grc' dir='ltr'><strong><em>ἐπιτομῇ</em></strong></span> <span class='ocrx_word' id='word_1_21' title='bbox 243 804 309 867; x_wconf 82' lang='grc' dir='ltr'><strong><em>τῶν</em></strong></span> <span class='ocrx_word' id='word_1_22' title='bbox 337 796 463 868; x_wconf 67' lang='grc' dir='ltr'><strong><em>ἔνδικα.</em></strong></span> <span class='ocrx_word' id='word_1_23' title='bbox 508 795 660 866; x_wconf 78' lang='grc' dir='ltr'><strong><em>ἐκαλεῖτο</em></strong></span> <span class='ocrx_word' id='word_1_24' title='bbox 691 797 729 866; x_wconf 89' lang='lat'><strong><em>66</em></strong></span> <span class='ocrx_word' id='word_1_25' title='bbox 765 794 1103 882; x_wconf 82' lang='grc' dir='ltr'><strong><em>Λαομεδόντεια,</em></strong></span> <span class='ocrx_word' id='word_1_26' title='bbox 1140 798 1223 883; x_wconf 76' lang='grc' dir='ltr'><strong><em>ἴσως</em></strong></span> 
     </span>
     <span class='ocr_line' id='line_1_6' title="bbox 67 911 1248 1008; baseline -0.001 -18"><span class='ocrx_word' id='word_1_27' title='bbox 67 918 139 990; x_wconf 77' lang='grc' dir='ltr'><strong><em>ἀπὸ</em></strong></span> <span class='ocrx_word' id='word_1_28' title='bbox 155 919 397 1004; x_wconf 80' lang='grc' dir='ltr'><strong><em>Λαομέδοντος</em></strong></span> <span class='ocrx_word' id='word_1_29' title='bbox 416 922 476 986; x_wconf 85' lang='grc' dir='ltr'><strong><em>τοῦ</em></strong></span> <span class='ocrx_word' id='word_1_30' title='bbox 494 915 619 1007; x_wconf 84' lang='grc' dir='ltr'><strong><em>Τρωός.</em></strong></span> <span class='ocrx_word' id='word_1_31' title='bbox 653 915 693 985; x_wconf 88' lang='grc' dir='ltr'><strong><em>τό</em></strong></span> <span class='ocrx_word' id='word_1_32' title='bbox 716 913 854 984; x_wconf 76' lang='grc' dir='ltr'><strong><em>ἐδνικόν</em></strong></span> <span class='ocrx_word' id='word_1_33' title='bbox 874 911 1066 1008; x_wconf 75' lang='grc' dir='ltr'><strong><em>ἀμφότερον</em></strong></span> <span class='ocrx_word' id='word_1_34' title='bbox 1079 927 1248 1006; x_wconf 67' lang='lat' dir='ltr'><strong><em>Annae-s</em></strong></span> 
     </span>
     <span class='ocr_line' id='line_1_7' title="bbox 70 1035 611 1130; baseline -0.013 -19"><span class='ocrx_word' id='word_1_35' title='bbox 70 1039 220 1130; x_wconf 86' lang='grc' dir='ltr'><strong><em>δοντίτης</em></strong></span> <span class='ocrx_word' id='word_1_36' title='bbox 240 1040 295 1108; x_wconf 78' lang='grc' dir='ltr'><strong><em>καί</em></strong></span> <span class='ocrx_word' id='word_1_37' title='bbox 316 1035 611 1125; x_wconf 84' lang='grc' dir='ltr'><strong><em>Λαοδαμαντίτης.</em></strong></span> 
     </span>
    </p>

    <p class='ocr_par' dir='ltr' id='par_1_4' title="bbox 66 1151 1264 2205">
     <span class='ocr_line' id='line_1_8' title="bbox 154 1151 1222 1250; baseline -0.003 -20"><span class='ocrx_word' id='word_1_38' title='bbox 154 1158 402 1239; x_wconf 88' lang='grc' dir='ltr'><strong><em>Λαοδίκεια,</em></strong></span> <span class='ocrx_word' id='word_1_39' title='bbox 419 1155 521 1239; x_wconf 86' lang='grc' dir='ltr'><strong><em>πόλις</em></strong></span> <span class='ocrx_word' id='word_1_40' title='bbox 534 1161 594 1246; x_wconf 82' lang='grc' dir='ltr'><strong><em>τῆς</em></strong></span> <span class='ocrx_word' id='word_1_41' title='bbox 607 1154 739 1247; x_wconf 72' lang='grc' dir='ltr'><strong><em>Συρίας,</em></strong></span> <span class='ocrx_word' id='word_1_42' title='bbox 755 1151 775 1246; x_wconf 83' lang='grc' dir='ltr'><strong><em>ἡ</em></strong></span> <span class='ocrx_word' id='word_1_43' title='bbox 792 1153 955 1246; x_wconf 80' lang='grc' dir='ltr'><strong><em>πρότερον</em></strong></span> <span class='ocrx_word' id='word_1_44' title='bbox 968 1159 1106 1249; x_wconf 78' lang='grc' dir='ltr'><strong><em>Λιυκὴ</em></strong></span> <span class='ocrx_word' id='word_1_45' title='bbox 1124 1153 1222 1250; x_wconf 81' lang='grc' dir='ltr'><strong><em>όκτή</em></strong></span> 
     </span>
     <span class='ocr_line' id='line_1_9' title="bbox 68 1273 1224 1368; baseline 0 -21"><span class='ocrx_word' id='word_1_46' title='bbox 68 1280 228 1368; x_wconf 82' lang='grc' dir='ltr'><strong><em>λεγομένη</em></strong></span> <span class='ocrx_word' id='word_1_47' title='bbox 250 1305 308 1346; x_wconf 90' lang='grc' dir='ltr'><strong><em>και</em></strong></span> <span class='ocrx_word' id='word_1_48' title='bbox 298 1277 397 1366; x_wconf 90' lang='grc' dir='ltr'><strong><em>πρδ</em></strong></span> <span class='ocrx_word' id='word_1_49' title='bbox 418 1275 539 1345; x_wconf 84' lang='grc' dir='ltr'><strong><em>τοίπου</em></strong></span> <span class='ocrx_word' id='word_1_50' title='bbox 555 1273 745 1362; x_wconf 77' lang='grc' dir='ltr'><strong><em>Ῥᾶμιθα.</em></strong></span> <span class='ocrx_word' id='word_1_51' title='bbox 786 1279 1012 1366; x_wconf 65' lang='grc' dir='ltr'><strong><em>κεραυνωθείς</em></strong></span> <span class='ocrx_word' id='word_1_52' title='bbox 1032 1276 1095 1367; x_wconf 78' lang='grc' dir='ltr'><strong><em>γάρ</em></strong></span> <span class='ocrx_word' id='word_1_53' title='bbox 1115 1303 1168 1359; x_wconf 90' lang='grc' dir='ltr'><strong><em>τις</em></strong></span> <span class='ocrx_word' id='word_1_54' title='bbox 1186 1279 1224 1348; x_wconf 74' lang='grc' dir='ltr'><strong><em>ἐν</em></strong></span> 
     </span>
     <span class='ocr_line' id='line_1_10' title="bbox 70 1390 1222 1491; baseline -0.004 -21"><span class='ocrx_word' id='word_1_55' title='bbox 70 1397 154 1491; x_wconf 78' lang='grc' dir='ltr'><strong><em>αίπῇ</em></strong></span> <span class='ocrx_word' id='word_1_56' title='bbox 176 1399 306 1488; x_wconf 71' lang='grc' dir='ltr'><strong><em>ποιμὴν</em></strong></span> <span class='ocrx_word' id='word_1_57' title='bbox 322 1393 454 1489; x_wconf 74' lang='grc' dir='ltr'><strong><em>ἔλαχε</em></strong></span> <span class='ocrx_word' id='word_1_58' title='bbox 458 1390 674 1481; x_wconf 43' lang='grc' dir='ltr'><strong><em>ῥαμοίνθαςῆ</em></strong></span> <span class='ocrx_word' id='word_1_59' title='bbox 697 1396 868 1465; x_wconf 83' lang='grc' dir='ltr'><strong><em>τουτέστιν</em></strong></span> <span class='ocrx_word' id='word_1_60' title='bbox 883 1394 941 1487; x_wconf 78' lang='grc' dir='ltr'><strong><em>ἀφ’</em></strong></span> <span class='ocrx_word' id='word_1_61' title='bbox 958 1396 1068 1491; x_wconf 86' lang='grc' dir='ltr'><strong><em>όψους</em></strong></span> <span class='ocrx_word' id='word_1_62' title='bbox 1087 1391 1222 1480; x_wconf 72' lang='grc' dir='ltr'><strong><em>όδεός·</em></strong></span> 
     </span>
     <span class='ocr_line' id='line_1_11' title="bbox 69 1508 1264 1609; baseline -0.001 -20"><span class='ocrx_word' id='word_1_63' title='bbox 69 1518 178 1609; x_wconf 80' lang='grc' dir='ltr'><strong><em>ράμαν</em></strong></span> <span class='ocrx_word' id='word_1_64' title='bbox 198 1517 261 1608; x_wconf 82' lang='grc' dir='ltr'><strong><em>χόρ</em></strong></span> <span class='ocrx_word' id='word_1_65' title='bbox 281 1516 321 1585; x_wconf 90' lang='grc' dir='ltr'><strong><em>τό</em></strong></span> <span class='ocrx_word' id='word_1_66' title='bbox 343 1513 440 1609; x_wconf 72' lang='grc' dir='ltr'><strong><em>ι’ίψος,</em></strong></span> <span class='ocrx_word' id='word_1_67' title='bbox 464 1508 556 1595; x_wconf 70' lang='grc' dir='ltr'><strong><em>δίόας</em></strong></span> <span class='ocrx_word' id='word_1_68' title='bbox 579 1515 617 1584; x_wconf 89' lang='lat'><strong><em>66</em></strong></span> <span class='ocrx_word' id='word_1_69' title='bbox 639 1511 770 1596; x_wconf 76' lang='grc' dir='ltr'><strong><em>ὅθεός.</em></strong></span> <span class='ocrx_word' id='word_1_70' title='bbox 804 1515 911 1596; x_wconf 71' lang='grc' dir='ltr'><strong><em>οὓτως</em></strong></span> <span class='ocrx_word' id='word_1_71' title='bbox 928 1515 1052 1585; x_wconf 76' lang='grc' dir='ltr'><strong><em>Φίλιον.</em></strong></span> <span class='ocrx_word' id='word_1_72' title='bbox 1091 1517 1223 1606; x_wconf 79' lang='grc' dir='ltr'><strong><em>λέγεται</em></strong></span> <span class='ocrx_word' id='word_1_73' title='bbox 1236 1549 1264 1588; x_wconf 82' lang='grc' dir='ltr'><strong><em>ιο</em></strong></span> 
     </span>
     <span class='ocr_line' id='line_1_12' title="bbox 71 1631 1225 1725; baseline -0.004 -15"><span class='ocrx_word' id='word_1_74' title='bbox 71 1635 151 1710; x_wconf 88' lang='lat'><strong><em>66’</em></strong></span> <span class='ocrx_word' id='word_1_75' title='bbox 131 1665 202 1709; x_wconf 90' lang='grc' dir='ltr'><strong><em>απο</em></strong></span> <span class='ocrx_word' id='word_1_76' title='bbox 191 1633 403 1724; x_wconf 74' lang='grc' dir='ltr'><strong><em>Λαοδίκης</em></strong></span> <span class='ocrx_word' id='word_1_77' title='bbox 423 1639 483 1724; x_wconf 83' lang='grc' dir='ltr'><strong><em>τῆς</em></strong></span> <span class='ocrx_word' id='word_1_78' title='bbox 503 1634 626 1725; x_wconf 86' lang='grc' dir='ltr'><strong><em>μητρός</em></strong></span> <span class='ocrx_word' id='word_1_79' title='bbox 647 1631 812 1704; x_wconf 80' lang='grc' dir='ltr'><strong><em>Σελεύκου</em></strong></span> <span class='ocrx_word' id='word_1_80' title='bbox 831 1639 892 1703; x_wconf 85' lang='grc' dir='ltr'><strong><em>τοῦ</em></strong></span> <span class='ocrx_word' id='word_1_81' title='bbox 913 1633 1114 1725; x_wconf 78' lang='grc' dir='ltr'><strong><em>Νικάτορος.</em></strong></span> <span class='ocrx_word' id='word_1_82' title='bbox 1152 1633 1225 1705; x_wconf 71' lang='grc' dir='ltr'><strong><em>ἔστι</em></strong></span> 
     </span>
     <span class='ocr_line' id='line_1_13' title="bbox 71 1749 1226 1844; baseline -0.005 -15"><span class='ocrx_word' id='word_1_83' title='bbox 71 1756 104 1829; x_wconf 76' lang='grc' dir='ltr'><strong><em>δ’</em></strong></span> <span class='ocrx_word' id='word_1_84' title='bbox 130 1753 322 1844; x_wconf 75' lang='grc' dir='ltr'><strong><em>εὔοινοτάτη</em></strong></span> <span class='ocrx_word' id='word_1_85' title='bbox 344 1754 401 1824; x_wconf 82' lang='grc' dir='ltr'><strong><em>καὶ</em></strong></span> <span class='ocrx_word' id='word_1_86' title='bbox 422 1751 533 1843; x_wconf 81' lang='grc' dir='ltr'><strong><em>πάσης</em></strong></span> <span class='ocrx_word' id='word_1_87' title='bbox 554 1749 737 1844; x_wconf 82' lang='grc' dir='ltr'><strong><em>εὐκαρπίας</em></strong></span> <span class='ocrx_word' id='word_1_88' title='bbox 763 1750 960 1840; x_wconf 75' lang='grc' dir='ltr'><strong><em>ἀνάμεστος.</em></strong></span> <span class='ocrx_word' id='word_1_89' title='bbox 1004 1750 1077 1822; x_wconf 80' lang='grc' dir='ltr'><strong><em>ίστι</em></strong></span> <span class='ocrx_word' id='word_1_90' title='bbox 1103 1757 1142 1825; x_wconf 89' lang='lat'><strong><em>66</em></strong></span> <span class='ocrx_word' id='word_1_91' title='bbox 1168 1755 1226 1825; x_wconf 80' lang='grc' dir='ltr'><strong><em>καὶ</em></strong></span> 
     </span>
     <span class='ocr_line' id='line_1_14' title="bbox 71 1870 1232 1967; baseline -0.003 -20"><span class='ocrx_word' id='word_1_92' title='bbox 71 1876 169 1967; x_wconf 80' lang='grc' dir='ltr'><strong><em>ἑτίρα</em></strong></span> <span class='ocrx_word' id='word_1_93' title='bbox 184 1873 328 1956; x_wconf 88' lang='grc' dir='ltr'><strong><em>Λυδίας,</em></strong></span> <span class='ocrx_word' id='word_1_94' title='bbox 346 1870 519 1958; x_wconf 75' lang='grc' dir='ltr'><strong><em>Ἀντιόχου</em></strong></span> <span class='ocrx_word' id='word_1_95' title='bbox 540 1871 661 1959; x_wconf 88' lang='grc' dir='ltr'><strong><em>κτίσμα</em></strong></span> <span class='ocrx_word' id='word_1_96' title='bbox 681 1878 741 1942; x_wconf 80' lang='grc' dir='ltr'><strong><em>τοῦ</em></strong></span> <span class='ocrx_word' id='word_1_97' title='bbox 763 1872 889 1954; x_wconf 88' lang='grc' dir='ltr'><strong><em>παιδός</em></strong></span> <span class='ocrx_word' id='word_1_98' title='bbox 908 1877 968 1962; x_wconf 70' lang='grc' dir='ltr'><strong><em>τῆς</em></strong></span> <span class='ocrx_word' id='word_1_99' title='bbox 988 1873 1232 1965; x_wconf 71' lang='grc' dir='ltr'><strong><em>Στρατονίκης·’</em></strong></span> 
     </span>
     <span class='ocr_line' id='line_1_15' title="bbox 69 1986 1223 2088; baseline -0.001 -22"><span class='ocrx_word' id='word_1_100' title='bbox 69 2001 113 2088; x_wconf 78' lang='grc' dir='ltr'><strong><em>τῇ</em></strong></span> <span class='ocrx_word' id='word_1_101' title='bbox 142 1997 204 2086; x_wconf 78' lang='grc' dir='ltr'><strong><em>γὰρ</em></strong></span> <span class='ocrx_word' id='word_1_102' title='bbox 237 1994 366 2082; x_wconf 75' lang='grc' dir='ltr'><strong><em>γυναικὶ</em></strong></span> <span class='ocrx_word' id='word_1_103' title='bbox 401 1986 504 2061; x_wconf 82' lang='grc' dir='ltr'><strong><em>αότοῦ</em></strong></span> <span class='ocrx_word' id='word_1_104' title='bbox 537 1986 642 2077; x_wconf 83' lang='grc' dir='ltr'><strong><em>όνομα</em></strong></span> <span class='ocrx_word' id='word_1_105' title='bbox 673 1990 844 2082; x_wconf 78' lang='grc' dir='ltr'><strong><em>Λαοδίκη.</em></strong></span> <span class='ocrx_word' id='word_1_106' title='bbox 889 1993 977 2074; x_wconf 80' lang='grc' dir='ltr'><strong><em>Διὸς</em></strong></span> <span class='ocrx_word' id='word_1_107' title='bbox 1012 1991 1146 2084; x_wconf 71' lang='grc' dir='ltr'><strong><em>μήνυμα</em></strong></span> <span class='ocrx_word' id='word_1_108' title='bbox 1180 1991 1223 2065; x_wconf 79' lang='grc' dir='ltr'><strong><em>δι’</em></strong></span> 
     </span>
     <span class='ocr_line' id='line_1_16' title="bbox 66 2108 1264 2205; baseline 0.001 -20"><span class='ocrx_word' id='word_1_109' title='bbox 66 2113 198 2205; x_wconf 78' lang='grc' dir='ltr'><strong><em>Ἑρμοῦ,</em></strong></span> <span class='ocrx_word' id='word_1_110' title='bbox 223 2109 304 2204; x_wconf 80' lang='grc' dir='ltr'><strong><em>όναρ</em></strong></span> <span class='ocrx_word' id='word_1_111' title='bbox 326 2111 385 2182; x_wconf 76' lang='grc' dir='ltr'><strong><em>διὰ</em></strong></span> <span class='ocrx_word' id='word_1_112' title='bbox 405 2116 552 2203; x_wconf 79' lang='grc' dir='ltr'><strong><em>χρησμοῦ</em></strong></span> <span class='ocrx_word' id='word_1_113' title='bbox 566 2108 783 2195; x_wconf 87' lang='grc' dir='ltr'><strong><em>Ἀπόλλωνος</em></strong></span> <span class='ocrx_word' id='word_1_114' title='bbox 1238 2147 1264 2187; x_wconf 84' lang='lat' dir='ltr'><strong><em>ss</em></strong></span> 
     </span>
    </p>

    <p class='ocr_par' dir='ltr' id='par_1_5' title="bbox 193 2227 1061 2322">
     <span class='ocr_line' id='line_1_17' title="bbox 193 2227 1061 2322; baseline 0.002 -20"><span class='ocrx_word' id='word_1_115' title='bbox 193 2231 350 2321; x_wconf 78' lang='grc' dir='ltr'><strong><em>Ἀντιόχῳ</em></strong></span> <span class='ocrx_word' id='word_1_116' title='bbox 373 2233 513 2321; x_wconf 80' lang='grc' dir='ltr'><strong><em>βασιλῆι</em></strong></span> <span class='ocrx_word' id='word_1_117' title='bbox 533 2229 615 2299; x_wconf 86' lang='grc' dir='ltr'><strong><em>τάδε</em></strong></span> <span class='ocrx_word' id='word_1_118' title='bbox 633 2235 697 2322; x_wconf 76' lang='grc' dir='ltr'><strong><em>χρᾷ</em></strong></span> <span class='ocrx_word' id='word_1_119' title='bbox 723 2238 849 2319; x_wconf 74' lang='grc' dir='ltr'><strong><em>Φοῖβος</em></strong></span> <span class='ocrx_word' id='word_1_120' title='bbox 873 2227 1061 2317; x_wconf 88' lang='grc' dir='ltr'><strong><em>Ἀπόλλων,</em></strong></span> 
     </span>
    </p>

    <p class='ocr_par' dir='ltr' id='par_1_6' title="bbox 197 2347 1076 2439">
     <span class='ocr_line' id='line_1_18' title="bbox 197 2347 1076 2439; baseline 0.002 -18"><span class='ocrx_word' id='word_1_121' title='bbox 197 2354 386 2439; x_wconf 84' lang='grc' dir='ltr'><strong><em>κτιζέμεναι</em></strong></span> <span class='ocrx_word' id='word_1_122' title='bbox 408 2348 613 2439; x_wconf 76' lang='grc' dir='ltr'><strong><em>πτολίεθρον</em></strong></span> <span class='ocrx_word' id='word_1_123' title='bbox 634 2347 807 2439; x_wconf 82' lang='grc' dir='ltr'><strong><em>ἀγακλεές,</em></strong></span> <span class='ocrx_word' id='word_1_124' title='bbox 837 2347 883 2434; x_wconf 79' lang='grc' dir='ltr'><strong><em>ὡς</em></strong></span> <span class='ocrx_word' id='word_1_125' title='bbox 903 2352 1076 2425; x_wconf 72' lang='grc' dir='ltr'><strong><em>ἐκέλευσεν</em></strong></span> 
     </span>
    </p>

    <p class='ocr_par' dir='ltr' id='par_1_7' title="bbox 71 2468 1059 2681">
     <span class='ocr_line' id='line_1_19' title="bbox 199 2468 1059 2566; baseline -0.002 -22"><span class='ocrx_word' id='word_1_126' title='bbox 199 2473 285 2554; x_wconf 74' lang='grc' dir='ltr'><strong><em>Ζεὺς</em></strong></span> <span class='ocrx_word' id='word_1_127' title='bbox 306 2470 548 2566; x_wconf 75' lang='grc' dir='ltr'><strong><em>ὑψιβρεμέτης,</em></strong></span> <span class='ocrx_word' id='word_1_128' title='bbox 578 2472 718 2565; x_wconf 79' lang='grc' dir='ltr'><strong><em>πέμψας</em></strong></span> <span class='ocrx_word' id='word_1_129' title='bbox 740 2469 906 2562; x_wconf 78' lang='grc' dir='ltr'><strong><em>ἐριούνιον</em></strong></span> <span class='ocrx_word' id='word_1_130' title='bbox 923 2468 1059 2564; x_wconf 77' lang='grc' dir='ltr'><strong><em>Ἑρμῆν.</em></strong></span> 
     </span>
     <span class='ocr_line' id='line_1_20' title="bbox 71 2587 1002 2681; baseline -0.004 -17"><span class='ocrx_word' id='word_1_131' title='bbox 71 2593 144 2664; x_wconf 71' lang='grc' dir='ltr'><strong><em>ἔστι</em></strong></span> <span class='ocrx_word' id='word_1_132' title='bbox 165 2596 203 2664; x_wconf 86' lang='lat'><strong><em>66</em></strong></span> <span class='ocrx_word' id='word_1_133' title='bbox 225 2595 282 2661; x_wconf 84' lang='grc' dir='ltr'><strong><em>καὶ</em></strong></span> <span class='ocrx_word' id='word_1_134' title='bbox 303 2587 389 2681; x_wconf 77' lang='grc' dir='ltr'><strong><em>όλλη</em></strong></span> <span class='ocrx_word' id='word_1_135' title='bbox 410 2589 617 2671; x_wconf 86' lang='grc' dir='ltr'><strong><em>Λυκαονίας.</em></strong></span> <span class='ocrx_word' id='word_1_136' title='bbox 652 2591 710 2660; x_wconf 79' lang='grc' dir='ltr'><strong><em>καὶ</em></strong></span> <span class='ocrx_word' id='word_1_137' title='bbox 731 2588 872 2679; x_wconf 87' lang='grc' dir='ltr'><strong><em>Μηδίας</em></strong></span> <span class='ocrx_word' id='word_1_138' title='bbox 894 2587 1002 2680; x_wconf 76' lang='grc' dir='ltr'><strong><em>ἑτέρα.</em></strong></span> 
     </span>
    </p>

    <p class='ocr_par' dir='ltr' id='par_1_8' title="bbox 72 2706 1267 2922">
     <span class='ocr_line' id='line_1_21' title="bbox 160 2706 1267 2804; baseline 0.003 -22"><span class='ocrx_word' id='word_1_139' title='bbox 160 2717 293 2793; x_wconf 82' lang='grc' dir='ltr'><strong><em>Λοῖος,</em></strong></span> <span class='ocrx_word' id='word_1_140' title='bbox 315 2709 418 2791; x_wconf 82' lang='grc' dir='ltr'><strong><em>πόλις</em></strong></span> <span class='ocrx_word' id='word_1_141' title='bbox 430 2708 635 2790; x_wconf 83' lang='grc' dir='ltr'><strong><em>Λευκανίας.</em></strong></span> <span class='ocrx_word' id='word_1_142' title='bbox 668 2706 927 2800; x_wconf 86' lang='grc' dir='ltr'><strong><em>Ἀπολλόδωρος</em></strong></span> <span class='ocrx_word' id='word_1_143' title='bbox 949 2711 984 2779; x_wconf 81' lang='grc' dir='ltr'><strong><em>ἐν</em></strong></span> <span class='ocrx_word' id='word_1_144' title='bbox 1004 2716 1051 2801; x_wconf 68' lang='grc' dir='ltr'><strong><em>τη·</em></strong></span> <span class='ocrx_word' id='word_1_145' title='bbox 1073 2713 1152 2801; x_wconf 84' lang='grc' dir='ltr'><strong><em>περί</em></strong></span> <span class='ocrx_word' id='word_1_146' title='bbox 1167 2716 1225 2804; x_wconf 78' lang='grc' dir='ltr'><strong><em>γῆς</em></strong></span> <span class='ocrx_word' id='word_1_147' title='bbox 1238 2743 1267 2785; x_wconf 80' lang='grc' dir='ltr'><strong><em>τι</em></strong></span> 
     </span>
     <span class='ocr_line' id='line_1_22' title="bbox 72 2812 1225 2922; baseline -0.001 -19"><span class='ocrx_word' id='word_1_148' title='bbox 72 2832 229 2922; x_wconf 79' lang='grc' dir='ltr'><strong><em>δευτέρῳ.</em></strong></span> <span class='ocrx_word' id='word_1_149' title='bbox 257 2828 327 2900; x_wconf 77' lang='grc' dir='ltr'><strong><em>ἀπὸ</em></strong></span> <span class='ocrx_word' id='word_1_150' title='bbox 341 2827 443 2899; x_wconf 83' lang='grc' dir='ltr'><strong><em>Λόου</em></strong></span> <span class='ocrx_word' id='word_1_151' title='bbox 457 2835 624 2914; x_wconf 84' lang='grc' dir='ltr'><strong><em>ποταμοῦ.</em></strong></span> <span class='ocrx_word' id='word_1_152' title='bbox 651 2829 691 2900; x_wconf 88' lang='grc' dir='ltr'><strong><em>τό</em></strong></span> <span class='ocrx_word' id='word_1_153' title='bbox 704 2829 841 2900; x_wconf 75' lang='grc' dir='ltr'><strong><em>δθνικδν</em></strong></span> <span class='ocrx_word' id='word_1_154' title='bbox 851 2812 986 2911; x_wconf 80' lang='grc' dir='ltr'><strong><em>Λαῗνος</em></strong></span> <span class='ocrx_word' id='word_1_155' title='bbox 1005 2826 1052 2912; x_wconf 75' lang='grc' dir='ltr'><strong><em>ὡς</em></strong></span> <span class='ocrx_word' id='word_1_156' title='bbox 1063 2827 1225 2922; x_wconf 65' lang='grc' dir='ltr'><strong><em>Ῥηγῖνος.</em></strong></span> 
     </span>
    </p>
   </div>
   <div class='ocr_carea' id='block_1_3' title="bbox 72 3037 273 3048">
    <p class='ocr_par' dir='ltr' id='par_1_9' title="bbox 72 3037 273 3048">
     <span class='ocr_line' id='line_1_23' title="bbox 72 3037 273 3048; baseline -0.01 0"><span class='ocrx_word' id='word_1_157' title='bbox 72 3037 273 3048; x_wconf 78' lang='grc'><strong><em>--.----..</em></strong></span> 
     </span>
    </p>
   </div>
   <div class='ocr_carea' id='block_1_4' title="bbox 66 3131 1228 4515">
    <p class='ocr_par' dir='ltr' id='par_1_10' title="bbox 66 3131 1228 4515">
     <span class='ocr_line' id='line_1_24' title="bbox 73 3131 1225 3216; baseline 0.003 -19"><span class='ocrx_word' id='word_1_158' title='bbox 73 3143 101 3197; x_wconf 91' lang='grc'><strong><em>1.</em></strong></span> <span class='ocrx_word' id='word_1_159' title='bbox 113 3132 272 3214; x_wconf 84' lang='grc' dir='ltr'><strong><em>Κοδρίδου</em></strong></span> <span class='ocrx_word' id='word_1_160' title='bbox 284 3137 323 3206; x_wconf 85' lang='grc' dir='ltr'><strong><em>Μ,</em></strong></span> <span class='ocrx_word' id='word_1_161' title='bbox 343 3131 507 3211; x_wconf 84' lang='grc' dir='ltr'><strong><em>Καδίδρου</em></strong></span> <span class='ocrx_word' id='word_1_162' title='bbox 520 3138 580 3206; x_wconf 84' lang='lat' dir='ltr'><strong><em>AV,</em></strong></span> <span class='ocrx_word' id='word_1_163' title='bbox 600 3132 760 3215; x_wconf 86' lang='grc' dir='ltr'><strong><em>Κυδρίδου</em></strong></span> <span class='ocrx_word' id='word_1_164' title='bbox 771 3137 806 3196; x_wconf 85' lang='lat' dir='ltr'><strong><em>R.</em></strong></span> <span class='ocrx_word' id='word_1_165' title='bbox 828 3135 906 3213; x_wconf 86' lang='lat' dir='ltr'><strong>quod</strong></span> <span class='ocrx_word' id='word_1_166' title='bbox 921 3138 1036 3216; x_wconf 84' lang='lat' dir='ltr'><strong>reposui</strong></span> <span class='ocrx_word' id='word_1_167' title='bbox 1050 3157 1145 3198; x_wconf 80' lang='lat' dir='ltr'><strong>vesum</strong></span> <span class='ocrx_word' id='word_1_168' title='bbox 1160 3161 1225 3200; x_wconf 81' lang='lat' dir='ltr'><strong>esse</strong></span> 
     </span>
     <span class='ocr_line' id='line_1_25' title="bbox 74 3227 1225 3311; baseline 0.001 -21"><span class='ocrx_word' id='word_1_169' title='bbox 74 3231 228 3290; x_wconf 84' lang='lat' dir='ltr'><strong>ostendunt</strong></span> <span class='ocrx_word' id='word_1_170' title='bbox 242 3249 316 3306; x_wconf 87' lang='lat' dir='ltr'><strong>quae</strong></span> <span class='ocrx_word' id='word_1_171' title='bbox 330 3239 440 3288; x_wconf 81' lang='lat' dir='ltr'><strong>veteres</strong></span> <span class='ocrx_word' id='word_1_172' title='bbox 453 3228 489 3288; x_wconf 87' lang='lat' dir='ltr'><strong><em>de</em></strong></span> <span class='ocrx_word' id='word_1_173' title='bbox 503 3229 692 3289; x_wconf 82' lang='lat' dir='ltr'><strong>Codsidarum</strong></span> <span class='ocrx_word' id='word_1_174' title='bbox 706 3232 735 3287; x_wconf 91' lang='lat' dir='ltr'><strong><em>in</em></strong></span> <span class='ocrx_word' id='word_1_175' title='bbox 746 3227 827 3287; x_wconf 86' lang='lat' dir='ltr'><strong>lonia</strong></span> <span class='ocrx_word' id='word_1_176' title='bbox 848 3230 967 3288; x_wconf 85' lang='lat' dir='ltr'><strong>coloniis</strong></span> <span class='ocrx_word' id='word_1_177' title='bbox 987 3233 1141 3290; x_wconf 82' lang='lat' dir='ltr'>memoriae</span> <span class='ocrx_word' id='word_1_178' title='bbox 1155 3253 1225 3311; x_wconf 83' lang='lat' dir='ltr'>pro-</span> 
     </span>
     <span class='ocr_line' id='line_1_26' title="bbox 74 3323 1225 3402; baseline 0.002 -20"><span class='ocrx_word' id='word_1_179' title='bbox 74 3324 224 3394; x_wconf 80' lang='lat' dir='ltr'><strong>diderunt3</strong></span> <span class='ocrx_word' id='word_1_180' title='bbox 243 3332 396 3402; x_wconf 76' lang='lat' dir='ltr'><strong>praeterea</strong></span> <span class='ocrx_word' id='word_1_181' title='bbox 415 3339 483 3380; x_wconf 82' lang='lat' dir='ltr'>vero</span> <span class='ocrx_word' id='word_1_182' title='bbox 504 3323 646 3382; x_wconf 77' lang='lat' dir='ltr'>excidisse</span> <span class='ocrx_word' id='word_1_183' title='bbox 667 3323 779 3382; x_wconf 81' lang='lat' dir='ltr'><strong>videtur</strong></span> <span class='ocrx_word' id='word_1_184' title='bbox 791 3343 894 3382; x_wconf 86' lang='lat' dir='ltr'>nomen</span> <span class='ocrx_word' id='word_1_185' title='bbox 908 3324 984 3381; x_wconf 87' lang='lat' dir='ltr'><strong>illius</strong></span> <span class='ocrx_word' id='word_1_186' title='bbox 998 3323 1155 3393; x_wconf 82' lang='lat' dir='ltr'><strong>Codridae,</strong></span> <span class='ocrx_word' id='word_1_187' title='bbox 1176 3327 1225 3402; x_wconf 84' lang='lat' dir='ltr'><strong><em>qui</em></strong></span> 
     </span>
     <span class='ocr_line' id='line_1_27' title="bbox 74 3409 1225 3498; baseline 0.001 -21"><span class='ocrx_word' id='word_1_188' title='bbox 74 3419 194 3496; x_wconf 86' lang='lat' dir='ltr'><strong>Lampsi</strong></span> <span class='ocrx_word' id='word_1_189' title='bbox 214 3427 297 3498; x_wconf 84' lang='lat' dir='ltr'><strong>pater</strong></span> <span class='ocrx_word' id='word_1_190' title='bbox 316 3417 380 3474; x_wconf 83' lang='lat' dir='ltr'><strong>suit.</strong></span> <span class='ocrx_word' id='word_1_191' title='bbox 466 3421 494 3474; x_wconf 85' lang='lat'><strong><em>2.</em></strong></span> <span class='ocrx_word' id='word_1_192' title='bbox 518 3409 644 3491; x_wconf 80' lang='grc' dir='ltr'><strong><em>Θόῳιος</em></strong></span> <span class='ocrx_word' id='word_1_193' title='bbox 663 3417 727 3485; x_wconf 83' lang='grc' dir='ltr'><strong><em>ΒΗ,</em></strong></span> <span class='ocrx_word' id='word_1_194' title='bbox 747 3409 871 3490; x_wconf 77' lang='grc' dir='ltr'><strong><em>Σάψιος</em></strong></span> <span class='ocrx_word' id='word_1_195' title='bbox 890 3417 964 3476; x_wconf 83' lang='lat' dir='ltr'><strong>libri.</strong></span> <span class='ocrx_word' id='word_1_196' title='bbox 1048 3410 1170 3493; x_wconf 76' lang='grc' dir='ltr'><strong><em>Ψόμιος</em></strong></span> <span class='ocrx_word' id='word_1_197' title='bbox 1189 3421 1225 3478; x_wconf 87' lang='lat' dir='ltr'><strong><em>R.</em></strong></span> 
     </span>
     <span class='ocr_line' id='line_1_28' title="bbox 66 3502 1226 3592; baseline -0.001 -21"><span class='ocrx_word' id='word_1_198' title='bbox 66 3505 191 3586; x_wconf 77' lang='grc' dir='ltr'><strong><em>Ἴψιοςλ</em></strong></span> <span class='ocrx_word' id='word_1_199' title='bbox 210 3529 246 3569; x_wconf 83' lang='lat' dir='ltr'><strong><em>aa</em></strong></span> <span class='ocrx_word' id='word_1_200' title='bbox 267 3505 318 3567; x_wconf 79' lang='grc' dir='ltr'><strong><em>καί</em></strong></span> <span class='ocrx_word' id='word_1_201' title='bbox 332 3502 452 3584; x_wconf 75' lang='grc' dir='ltr'><strong><em>Ἴῳιοςλ</em></strong></span> <span class='ocrx_word' id='word_1_202' title='bbox 566 3511 595 3569; x_wconf 75' lang='lat' dir='ltr'><strong><em>l.</em></strong></span> <span class='ocrx_word' id='word_1_203' title='bbox 616 3508 666 3568; x_wconf 77' lang='grc' dir='ltr'><strong><em>καί</em></strong></span> <span class='ocrx_word' id='word_1_204' title='bbox 686 3531 740 3592; x_wconf 84' lang='lat' dir='ltr'><strong><em>pro</em></strong></span> <span class='ocrx_word' id='word_1_205' title='bbox 760 3505 815 3567; x_wconf 75' lang='lat'><strong><em>666</em></strong></span> <span class='ocrx_word' id='word_1_206' title='bbox 923 3513 950 3570; x_wconf 81' lang='lat'><strong><em>5.</em></strong></span> <span class='ocrx_word' id='word_1_207' title='bbox 971 3505 1006 3570; x_wconf 82' lang='grc' dir='ltr'><strong><em>τό</em></strong></span> <span class='ocrx_word' id='word_1_208' title='bbox 1028 3505 1152 3569; x_wconf 71' lang='grc' dir='ltr'><strong><em>ίθνικδν</em></strong></span> <span class='ocrx_word' id='word_1_209' title='bbox 1171 3505 1226 3588; x_wconf 78' lang='grc' dir='ltr'><strong><em>ἀμ-</em></strong></span> 
     </span>
     <span class='ocr_line' id='line_1_29' title="bbox 75 3596 1226 3687; baseline 0 -23"><span class='ocrx_word' id='word_1_210' title='bbox 75 3601 208 3687; x_wconf 72' lang='grc' dir='ltr'><strong><em>φότερον</em></strong></span> <span class='ocrx_word' id='word_1_211' title='bbox 228 3596 460 3682; x_wconf 78' lang='grc' dir='ltr'><strong><em>(ἀμφοτίριυνλ)</em></strong></span> <span class='ocrx_word' id='word_1_212' title='bbox 481 3603 516 3672; x_wconf 86' lang='lat' dir='ltr'><strong><em>R,</em></strong></span> <span class='ocrx_word' id='word_1_213' title='bbox 539 3599 579 3661; x_wconf 80' lang='grc' dir='ltr'><strong><em>τὰ</em></strong></span> <span class='ocrx_word' id='word_1_214' title='bbox 599 3599 708 3662; x_wconf 68' lang='grc' dir='ltr'><strong><em>ἐθνικοὶ</em></strong></span> <span class='ocrx_word' id='word_1_215' title='bbox 728 3596 891 3682; x_wconf 78' lang='grc' dir='ltr'><strong><em>ἀμφότερα</em></strong></span> <span class='ocrx_word' id='word_1_216' title='bbox 911 3605 971 3663; x_wconf 86' lang='lat' dir='ltr'><strong><em>AV.</em></strong></span> <span class='ocrx_word' id='word_1_217' title='bbox 1087 3609 1117 3663; x_wconf 91' lang='lat'><strong><em>7.</em></strong></span> <span class='ocrx_word' id='word_1_218' title='bbox 1137 3603 1226 3664; x_wconf 90' lang='grc' dir='ltr'><strong><em>Λαο·</em></strong></span> 
     </span>
     <span class='ocr_line' id='line_1_30' title="bbox 76 3689 1227 3774; baseline -0.001 -16"><span class='ocrx_word' id='word_1_219' title='bbox 76 3697 174 3758; x_wconf 84' lang='grc' dir='ltr'><strong><em>δίκεια</em></strong></span> <span class='ocrx_word' id='word_1_220' title='bbox 193 3689 280 3764; x_wconf 81' lang='grc' dir='ltr'><strong><em>πόλις</em></strong></span> <span class='ocrx_word' id='word_1_221' title='bbox 299 3717 354 3756; x_wconf 85' lang='lat' dir='ltr'><strong><em>om.</em></strong></span> <span class='ocrx_word' id='word_1_222' title='bbox 375 3698 413 3755; x_wconf 74' lang='lat' dir='ltr'><strong><em>V.</em></strong></span> <span class='ocrx_word' id='word_1_223' title='bbox 510 3697 566 3773; x_wconf 80' lang='grc' dir='ltr'><strong><em>τῆς</em></strong></span> <span class='ocrx_word' id='word_1_224' title='bbox 585 3717 640 3756; x_wconf 87' lang='lat' dir='ltr'><strong><em>om.</em></strong></span> <span class='ocrx_word' id='word_1_225' title='bbox 661 3699 696 3756; x_wconf 82' lang='lat' dir='ltr'><strong><em>R.</em></strong></span> <span class='ocrx_word' id='word_1_226' title='bbox 813 3702 840 3756; x_wconf 88' lang='grc'><strong><em>8.</em></strong></span> <span class='ocrx_word' id='word_1_227' title='bbox 856 3691 1004 3772; x_wconf 70' lang='grc' dir='ltr'><strong><em>Ῥάμιδσι</em></strong></span> <span class='ocrx_word' id='word_1_228' title='bbox 1025 3697 1062 3766; x_wconf 78' lang='lat' dir='ltr'><strong><em>V,</em></strong></span> <span class='ocrx_word' id='word_1_229' title='bbox 1079 3691 1227 3774; x_wconf 74' lang='grc' dir='ltr'><strong><em>Ῥοίμαθοι</em></strong></span> 
     </span>
     <span class='ocr_line' id='line_1_31' title="bbox 74 3783 1226 3870; baseline -0.001 -18"><span class='ocrx_word' id='word_1_230' title='bbox 74 3793 247 3852; x_wconf 78' lang='lat' dir='ltr'><strong>Bochartus.</strong></span> <span class='ocrx_word' id='word_1_231' title='bbox 323 3784 382 3869; x_wconf 78' lang='grc' dir='ltr'><strong><em>γάρ</em></strong></span> <span class='ocrx_word' id='word_1_232' title='bbox 396 3811 452 3850; x_wconf 91' lang='grc' dir='ltr'><strong><em>του</em></strong></span> <span class='ocrx_word' id='word_1_233' title='bbox 465 3809 513 3859; x_wconf 87' lang='grc' dir='ltr'><strong><em>τις</em></strong></span> <span class='ocrx_word' id='word_1_234' title='bbox 526 3793 561 3859; x_wconf 82' lang='lat' dir='ltr'><strong><em>R,</em></strong></span> <span class='ocrx_word' id='word_1_235' title='bbox 582 3809 619 3850; x_wconf 84' lang='lat' dir='ltr'><strong><em>aa</em></strong></span> <span class='ocrx_word' id='word_1_236' title='bbox 637 3783 697 3870; x_wconf 76' lang='grc' dir='ltr'><strong><em>γάρ</em></strong></span> <span class='ocrx_word' id='word_1_237' title='bbox 718 3784 777 3849; x_wconf 86' lang='grc' dir='ltr'><strong><em>ποό</em></strong></span> <span class='ocrx_word' id='word_1_238' title='bbox 797 3787 864 3858; x_wconf 82' lang='grc' dir='ltr'><strong><em>τιςλ</em></strong></span> <span class='ocrx_word' id='word_1_239' title='bbox 940 3795 969 3849; x_wconf 87' lang='grc'><strong><em>8.</em></strong></span> <span class='ocrx_word' id='word_1_240' title='bbox 980 3796 1008 3850; x_wconf 92' lang='grc'><strong><em>9.</em></strong></span> <span class='ocrx_word' id='word_1_241' title='bbox 1021 3787 1054 3848; x_wconf 74' lang='lat' dir='ltr'><strong><em>lv</em></strong></span> <span class='ocrx_word' id='word_1_242' title='bbox 1067 3785 1145 3870; x_wconf 77' lang='grc' dir='ltr'><strong><em>αὐτῇ</em></strong></span> <span class='ocrx_word' id='word_1_243' title='bbox 1157 3793 1226 3851; x_wconf 82' lang='lat' dir='ltr'><strong>add.</strong></span> 
     </span>
     <span class='ocr_line' id='line_1_32' title="bbox 73 3876 1228 3962; baseline -0.002 -18"><span class='ocrx_word' id='word_1_244' title='bbox 73 3887 111 3944; x_wconf 83' lang='lat' dir='ltr'><strong><em>R.</em></strong></span> <span class='ocrx_word' id='word_1_245' title='bbox 132 3886 182 3962; x_wconf 86' lang='lat' dir='ltr'><strong><em>qui</em></strong></span> <span class='ocrx_word' id='word_1_246' title='bbox 201 3879 316 3960; x_wconf 69' lang='grc' dir='ltr'><strong><em>ποιμὴν</em></strong></span> <span class='ocrx_word' id='word_1_247' title='bbox 335 3887 447 3943; x_wconf 80' lang='lat' dir='ltr'><strong>osnittit.</strong></span> <span class='ocrx_word' id='word_1_248' title='bbox 538 3893 566 3944; x_wconf 92' lang='grc'><strong><em>9.</em></strong></span> <span class='ocrx_word' id='word_1_249' title='bbox 588 3876 777 3960; x_wconf 74' lang='grc' dir='ltr'><strong><em>ῥομανιίθας</em></strong></span> <span class='ocrx_word' id='word_1_250' title='bbox 797 3883 965 3942; x_wconf 73' lang='lat' dir='ltr'><strong>Salmasius.</strong></span> <span class='ocrx_word' id='word_1_251' title='bbox 1057 3887 1104 3942; x_wconf 91' lang='grc'><strong><em>10.</em></strong></span> <span class='ocrx_word' id='word_1_252' title='bbox 1124 3878 1228 3959; x_wconf 79' lang='grc' dir='ltr'><strong><em>ῥόμοιν</em></strong></span> 
     </span>
     <span class='ocr_line' id='line_1_33' title="bbox 75 3967 1226 4055; baseline -0.003 -17"><span class='ocrx_word' id='word_1_253' title='bbox 75 3999 132 4038; x_wconf 85' lang='lat' dir='ltr'><strong><em>om.</em></strong></span> <span class='ocrx_word' id='word_1_254' title='bbox 152 3977 189 4046; x_wconf 87' lang='lat' dir='ltr'><strong><em>V,</em></strong></span> <span class='ocrx_word' id='word_1_255' title='bbox 209 3969 274 4054; x_wconf 80' lang='grc' dir='ltr'><strong><em>ῥόμ</em></strong></span> <span class='ocrx_word' id='word_1_256' title='bbox 293 3977 463 4039; x_wconf 81' lang='lat' dir='ltr'><strong>Bochartus.</strong></span> <span class='ocrx_word' id='word_1_257' title='bbox 548 3971 650 4045; x_wconf 75' lang='grc' dir='ltr'><strong><em>ἄνθος</em></strong></span> <span class='ocrx_word' id='word_1_258' title='bbox 668 3977 840 4036; x_wconf 78' lang='lat' dir='ltr'><strong>Bochai-tas.</strong></span> <span class='ocrx_word' id='word_1_259' title='bbox 927 3984 973 4037; x_wconf 89' lang='lat'><strong><em>11.</em></strong></span> <span class='ocrx_word' id='word_1_260' title='bbox 994 3967 1170 4055; x_wconf 81' lang='grc' dir='ltr'><strong><em>Νικάνορος</em></strong></span> <span class='ocrx_word' id='word_1_261' title='bbox 1188 3979 1226 4036; x_wconf 85' lang='lat' dir='ltr'><strong><em>ll.</em></strong></span> 
     </span>
     <span class='ocr_line' id='line_1_34' title="bbox 76 4062 1227 4150; baseline -0.003 -17"><span class='ocrx_word' id='word_1_262' title='bbox 76 4079 125 4133; x_wconf 84' lang='lat'><strong><em>12.</em></strong></span> <span class='ocrx_word' id='word_1_263' title='bbox 145 4068 179 4130; x_wconf 83' lang='lat'><strong><em>66</em></strong></span> <span class='ocrx_word' id='word_1_264' title='bbox 204 4089 261 4128; x_wconf 89' lang='lat' dir='ltr'><strong><em>om.</em></strong></span> <span class='ocrx_word' id='word_1_265' title='bbox 281 4072 317 4129; x_wconf 75' lang='lat'><strong><em>11.</em></strong></span> <span class='ocrx_word' id='word_1_266' title='bbox 433 4077 480 4132; x_wconf 82' lang='grc'><strong><em>16.</em></strong></span> <span class='ocrx_word' id='word_1_267' title='bbox 493 4062 653 4150; x_wconf 77' lang='grc' dir='ltr'><strong><em>Ἀντιόχῳ]</em></strong></span> <span class='ocrx_word' id='word_1_268' title='bbox 679 4067 835 4128; x_wconf 79' lang='lat' dir='ltr'><strong>Orseulan</strong></span> <span class='ocrx_word' id='word_1_269' title='bbox 861 4071 916 4129; x_wconf 78' lang='lat' dir='ltr'><strong><em>hoe</em></strong></span> <span class='ocrx_word' id='word_1_270' title='bbox 942 4081 973 4128; x_wconf 83' lang='lat' dir='ltr'><strong><em>ut</em></strong></span> <span class='ocrx_word' id='word_1_271' title='bbox 992 4070 1131 4149; x_wconf 76' lang='lat' dir='ltr'><strong>pleraque</strong></span> <span class='ocrx_word' id='word_1_272' title='bbox 1152 4089 1227 4147; x_wconf 82' lang='lat' dir='ltr'><strong>quae</strong></span> 
     </span>
     <span class='ocr_line' id='line_1_35' title="bbox 75 4157 1226 4246; baseline -0.002 -22"><span class='ocrx_word' id='word_1_273' title='bbox 75 4163 242 4244; x_wconf 75' lang='lat' dir='ltr'><strong>Stephanus</strong></span> <span class='ocrx_word' id='word_1_274' title='bbox 268 4163 354 4224; x_wconf 73' lang='lat' dir='ltr'><strong><em>affert</em></strong></span> <span class='ocrx_word' id='word_1_275' title='bbox 377 4185 395 4224; x_wconf 84' lang='lat' dir='ltr'>e</span> <span class='ocrx_word' id='word_1_276' title='bbox 418 4166 585 4244; x_wconf 76' lang='lat' dir='ltr'><strong>Phlegontis</strong></span> <span class='ocrx_word' id='word_1_277' title='bbox 610 4161 754 4220; x_wconf 81' lang='lat' dir='ltr'><strong>Tralliani</strong></span> <span class='ocrx_word' id='word_1_278' title='bbox 779 4163 930 4246; x_wconf 69' lang='lat' dir='ltr'><strong>Chionitis</strong></span> <span class='ocrx_word' id='word_1_279' title='bbox 960 4165 1079 4244; x_wconf 78' lang='lat' dir='ltr'><strong>petiisse</strong></span> <span class='ocrx_word' id='word_1_280' title='bbox 1105 4157 1226 4222; x_wconf 78' lang='lat' dir='ltr'><strong>videtur.</strong></span> 
     </span>
     <span class='ocr_line' id='line_1_36' title="bbox 76 4255 1226 4337; baseline 0 -21"><span class='ocrx_word' id='word_1_281' title='bbox 76 4257 118 4316; x_wconf 77' lang='grc' dir='ltr'><strong><em>τί.</em></strong></span> <span class='ocrx_word' id='word_1_282' title='bbox 138 4257 232 4316; x_wconf 85' lang='lat' dir='ltr'><strong>Photii</strong></span> <span class='ocrx_word' id='word_1_283' title='bbox 252 4257 329 4316; x_wconf 88' lang='lat' dir='ltr'><strong>Bibl.</strong></span> <span class='ocrx_word' id='word_1_284' title='bbox 350 4279 381 4337; x_wconf 85' lang='lat' dir='ltr'><strong><em>p.</em></strong></span> <span class='ocrx_word' id='word_1_285' title='bbox 401 4259 449 4330; x_wconf 74' lang='grc'><strong><em>81,</em></strong></span> <span class='ocrx_word' id='word_1_286' title='bbox 468 4261 517 4320; x_wconf 78' lang='grc'><strong><em>40.</em></strong></span> <span class='ocrx_word' id='word_1_287' title='bbox 594 4255 721 4334; x_wconf 74' lang='grc' dir='ltr'><strong><em>βασιλῆι</em></strong></span> <span class='ocrx_word' id='word_1_288' title='bbox 742 4255 777 4326; x_wconf 83' lang='lat' dir='ltr'><strong><em>x,</em></strong></span> <span class='ocrx_word' id='word_1_289' title='bbox 796 4256 921 4332; x_wconf 75' lang='grc' dir='ltr'><strong><em>βασιλεῖ</em></strong></span> <span class='ocrx_word' id='word_1_290' title='bbox 936 4259 1010 4316; x_wconf 82' lang='lat' dir='ltr'><strong>libri.</strong></span> <span class='ocrx_word' id='word_1_291' title='bbox 1099 4261 1145 4316; x_wconf 86' lang='grc'><strong><em>17.</em></strong></span> <span class='ocrx_word' id='word_1_292' title='bbox 1157 4259 1226 4316; x_wconf 79' lang='grc' dir='ltr'><strong><em>στι·</em></strong></span> 
     </span>
     <span class='ocr_line' id='line_1_37' title="bbox 77 4345 1227 4429; baseline 0.001 -23"><span class='ocrx_word' id='word_1_293' title='bbox 77 4345 195 4426; x_wconf 83' lang='grc' dir='ltr'><strong><em>ζίμεναι</em></strong></span> <span class='ocrx_word' id='word_1_294' title='bbox 215 4352 280 4410; x_wconf 83' lang='lat' dir='ltr'><strong><em>RV.</em></strong></span> <span class='ocrx_word' id='word_1_295' title='bbox 383 4358 428 4413; x_wconf 88' lang='grc'><strong><em>19.</em></strong></span> <span class='ocrx_word' id='word_1_296' title='bbox 450 4350 484 4411; x_wconf 84' lang='lat'><strong><em>66</em></strong></span> <span class='ocrx_word' id='word_1_297' title='bbox 504 4373 560 4410; x_wconf 85' lang='lat' dir='ltr'><strong><em>om.</em></strong></span> <span class='ocrx_word' id='word_1_298' title='bbox 580 4352 618 4409; x_wconf 87' lang='lat' dir='ltr'><strong><em>V.</em></strong></span> <span class='ocrx_word' id='word_1_299' title='bbox 715 4349 860 4429; x_wconf 79' lang='grc' dir='ltr'><strong><em>Μηδείας</em></strong></span> <span class='ocrx_word' id='word_1_300' title='bbox 879 4354 914 4412; x_wconf 83' lang='lat' dir='ltr'><strong><em>ll.</em></strong></span> <span class='ocrx_word' id='word_1_301' title='bbox 1017 4357 1064 4410; x_wconf 85' lang='lat'><strong><em>20.</em></strong></span> <span class='ocrx_word' id='word_1_302' title='bbox 1084 4349 1179 4420; x_wconf 79' lang='grc' dir='ltr'><strong><em>Λᾶος</em></strong></span> <span class='ocrx_word' id='word_1_303' title='bbox 1198 4360 1227 4409; x_wconf 82' lang='lat' dir='ltr'><strong><em>et</em></strong></span> 
     </span>
     <span class='ocr_line' id='line_1_38' title="bbox 79 4437 688 4515; baseline 0.002 -13"><span class='ocrx_word' id='word_1_304' title='bbox 79 4461 147 4502; x_wconf 84' lang='lat' dir='ltr'><strong><em>mox</em></strong></span> <span class='ocrx_word' id='word_1_305' title='bbox 165 4437 261 4504; x_wconf 85' lang='lat' dir='ltr'>A6ov</span> <span class='ocrx_word' id='word_1_306' title='bbox 282 4443 317 4515; x_wconf 88' lang='lat' dir='ltr'><strong><em>B,</em></strong></span> <span class='ocrx_word' id='word_1_307' title='bbox 337 4438 431 4512; x_wconf 87' lang='grc' dir='ltr'><strong><em>Λαός</em></strong></span> <span class='ocrx_word' id='word_1_308' title='bbox 450 4457 478 4506; x_wconf 86' lang='lat' dir='ltr'><strong><em>et</em></strong></span> <span class='ocrx_word' id='word_1_309' title='bbox 497 4445 594 4504; x_wconf 83' lang='grc' dir='ltr'><strong><em>Λαυῦ</em></strong></span> <span class='ocrx_word' id='word_1_310' title='bbox 615 4445 688 4504; x_wconf 79' lang='lat' dir='ltr'><strong>libri.</strong></span> 
     </span>
    </p>
   </div>
   <div class='ocr_carea' id='block_1_5' title="bbox 0 0 1456 5064">
    <p class='ocr_par' dir='ltr' id='par_1_11' title="bbox 0 0 1456 5064">
     <span class='ocr_line' id='line_1_39' title="bbox 0 0 1456 5064; baseline 0 0"><span class='ocrx_word' id='word_1_311' title='bbox 0 0 1456 5064; x_wconf 95' lang='lat' dir='ltr'><strong><em> </em></strong></span> 
     </span>
    </p>
   </div>
  </div>
 </body>
</html>
