2888 5070
732 257 808 330 320

192 439 365 528 Ξενοφῶν.
396 438 435 506 τό
454 434 593 506 ἐθνικόν
609 437 825 527 Θυμβραρεύς
843 436 924 507 ἔδει.
958 437 1120 528 Ξενοφῶν
1135 439 1174 508 δὲ
1192 443 1351 528 Θυμβρα-

193 553 288 646 ραῖός
310 580 404 646 φησι.
957 553 961 562 ’

281 671 478 763 Θύμβρις,
497 670 798 763 ποταμόςῬῶμης,
817 668 855 755 ὃς
870 676 927 743 καὶ
947 673 1122 765 Τίβερις.
1154 675 1193 745 τδ
1212 675 1353 744 ἐθνικδν

196 789 367 881 Θύμβριος
387 792 445 860 καὶ
468 788 651 881 Θυμβριοίς.
1124 887 1126 892 Ι

167 935 181 974 ο
281 910 551 1001 Θυμιατηρία,
576 907 678 990 πόλις
699 907 845 999 Λιβύης.
886 911 925 980 τό
948 911 1085 980 ἒθνικόν
1110 909 1351 1003 Θυμιατήριος.

281 1026 404 1119 Θύνη,
434 1025 537 1110 πόλις
556 1025 706 1116 Λιβύης,
737 1025 783 1110 ῶς
805 1024 824 1098 5
847 1027 1037 1120 πολυίστωρ
1052 1028 1286 1121 Ἀλέξανδρος.
1331 1026 1350 1098 5

194 1148 334 1238 πολίτης
359 1153 502 1227 Θυναῖος
529 1142 575 1229 ὡς
595 1150 812 1228 Δωδωναῖος.

282 1267 425 1347 Θυνία,
447 1263 468 1356 ἡ
490 1263 583 1354 χώρα
603 1269 669 1332 τῶν
690 1270 816 1334 Θυνῶν.
852 1267 892 1333 τό
914 1266 1051 1336 ἐθνικόν
1077 1265 1183 1350 Θυνός
1206 1265 1350 1358 όμοφῶ-

193 1413 258 1468 νως
278 1391 325 1476 τῷ
350 1383 479 1476 οἰκιστῇ
500 1389 560 1473 τῆς
584 1382 717 1464 Θυνίας,
740 1379 786 1464 ῶς
810 1379 977 1464 Θετταλός
995 1381 1133 1466 Ἰταλός

155 1505 186 1570 ιο
283 1502 447 1586 Θυνιός,
477 1505 576 1591 νῆσος
597 1501 684 1590 πρός
704 1507 751 1594 τῷ
772 1499 913 1586 στόματι
934 1508 995 1572 τοῦ
1017 1501 1152 1573 Πόντου
1173 1506 1231 1574 καί
1252 1499 1349 1595 ύκρα.

170 1627 232 1694 ’τό
256 1623 393 1696 ἐθνικόν
416 1618 598 1701 Θυνιόδιος
619 1616 666 1701 ῶς
693 1621 878 1713 Ψωφίδιος,
899 1622 956 1690 καὶ
980 1619 1172 1704 Θυνιαδεύς.
1217 1625 1351 1713 λέγεται

193 1746 250 1813 καί
274 1739 363 1832 Θονή
385 1743 442 1811 καί
466 1741 568 1822 Θυνίς
589 1741 646 1808 καὶ
671 1739 802 1828 Θυνηίς.

281 1843 474 1950 Θυραίου,
508 1859 612 1942 πόλις
641 1856 826 1949 Ἀρκάδων,
859 1857 980 1945 κτίσμα
1005 1856 1192 1953 Ὑψοῦντος
1222 1862 1351 1942 παιδός

192 1979 383 2062 Λυκάονος.
426 1979 466 2048 τό
493 1979 630 2050 ἐθνικδν
658 1983 803 2069 Θυραῖος
830 1975 876 2060 ῶς
902 1987 1095 2070 Νυμφαῖος.
1140 1982 1197 2050 καί
1221 1986 1348 2070 Θυραι-

156 2131 181 2170 ιτ
196 2095 280 2167 όθεν
299 2104 458 2180 τοπικῶς.

282 2219 431 2307 Θυρέα,
453 2218 533 2306 περὶ
549 2210 588 2306 ἧς
602 2214 748 2306 Ἀργεῖοι
763 2218 821 2286 καί
834 2217 1109 2304 Λακεδαιμόνιοι
1125 2216 1348 2308 ἐπολέμησαν.

193 2334 266 2406 ἔστι
296 2337 334 2406 δὲ
360 2340 419 2424 τῆς
445 2336 634 2424 Κυνουρίας
663 2343 738 2427 γῆς,
771 2335 920 2424 μοθορία
953 2337 991 2406 δὲ
1022 2342 1081 2428 τῆς
1108 2334 1261 2427 Ἀργείας
1292 2338 1349 2405 καὶ

193 2460 406 2545 Λακωνικῆς.
444 2447 654 2544 λέγεταικαὶ
675 2458 920 2545 πληθυντικῶς.
956 2456 1043 2544 [καί]
1059 2457 1143 2525 κατὰ
1158 2455 1349 2546 συναίροσιν

197 2579 316 2666 Θυρῆ.
366 2570 400 2643 οἳ
427 2571 593 2656 οἶκοῦντες
625 2581 792 2666 Θυρεᾶται
826 2570 872 2656 ῶς
905 2581 1083 2662 Τεγεᾶται,
1110 2576 1167 2644 καί
1191 2576 1349 2664 θηλυκῶς

152 2723 183 2762 νο
197 2699 369 2785 Θυρεᾶτις.
401 2689 472 2764 ἔστι
485 2694 542 2762 καί
557 2690 775 2784 Ἀκαρνανίας
794 2692 942 2784 Θόριον
958 2694 1017 2764 διὰ
1031 2697 1092 2762 τοῦ
1104 2696 1131 2760 ἶ.
1158 2694 1197 2763 τό
1211 2689 1349 2762 ἐθνικδν

197 2810 338 2902 Θυριούς
359 2807 405 2893 ῶς
425 2810 593 2894 Σουνιεύς.
631 2810 832 2901 Ἀνδροτίων
854 2815 892 2882 δὲ
916 2811 1059 2903 Θούριος
1081 2811 1175 2903 φησί.

283 2931 557 3020 Θυσσαγέται,
592 2928 695 3011 ἔθνος
727 2933 806 3022 περί
838 2931 898 3020 την
932 2937 1093 3000 Μαιῶτιν
1127 2931 1261 3020 λίμνην,
1300 2928 1347 3012 ὡς

187 3045 386 3141 Ἡρόδοτος.

281 3163 482 3248 Θῶκνεια,
510 3164 612 3248 πόλις
637 3164 830 3256 Ἀρκαδίας,
861 3163 931 3236 όπό
957 3165 1105 3238 Θώκνου.
1147 3168 1348 3252 Παυσανίας
1411 3161 1413 3164 ’

154 3283 316 3379 νοόγδόιμ.
362 3283 380 3356 5
403 3284 543 3374 πολίτης
568 3286 729 3368 Θιοκνεύς.

279 3411 424 3486 Θῶνις,
447 3401 549 3484 πόλις
562 3403 751 3493 Αἰγύπτου,
774 3402 846 3475 δπδ
864 3410 981 3487 Θῶνος
1002 3408 1168 3494 βασιλέως
1185 3413 1245 3477 τοῦ
1261 3407 1347 3490 ξενί-

188 3589 392 3604 Η-

190 3683 217 3735 1.
239 3666 400 3754 Ξενοφῶν]
423 3675 531 3752 Cyrop.
552 3678 580 3745 6,
601 3681 695 3745 2,11.
777 3670 985 3754 Θυμβραρεύς
1004 3678 1040 3746 Χ,
1063 3671 1252 3752 Θυμβραεύς
1271 3679 1346 3739 libri.

190 3775 219 3828 3.
241 3761 282 3834 ῶς
302 3767 338 3824 Β.
416 3772 444 3825 6.
465 3760 482 3826 5
503 3767 572 3826 add.
592 3769 629 3826 R.
708 3773 755 3827 11.
778 3764 923 3838 Θυνίδιος
942 3772 1038 3828 malim
1059 3789 1076 3827 a
1098 3766 1202 3839 Θυνίς,
1224 3781 1255 3828 ut
1278 3771 1347 3831 Ψω-

191 3857 296 3940 φίδιος
315 3879 332 3916 a
357 3856 475 3935 Ψωφί.
559 3856 721 3938 Ψωφίδιος
739 3861 805 3931 ΒΗ,
829 3857 987 3941 Ψοφόδιος
1007 3864 1081 3920 libri.
1160 3869 1207 3922 17.
1228 3862 1346 3922 Κυνου-

191 3949 260 4026 ρίας
280 3950 448 4018 Salmasius,
460 3950 662 4030 .Kawa97{a;
681 3955 742 4022 AV,
764 3953 971 4034 Καινοργείας
990 3957 1027 4015 R.
1123 3948 1261 4030 μεθόρια
1280 3958 1346 4015 RV.

84 4063 85 4066 ’
191 4050 238 4104 18.
257 4041 449 4108 Λακωνικῆς
468 4045 531 4112 RV,
555 4043 813 4121 Λακιδαιμρνίας
838 4051 870 4105 Α.
925 4059 926 4062 ’
976 4046 1027 4106 καί
1048 4050 1116 4106 add.
1137 4049 1326 4107 Schubartus.

191 4143 237 4197 19.
261 4131 352 4213 Θυρῆ
377 4133 568 4206 Schubartus,
596 4131 685 4214 Θύρη
711 4141 788 4208 libri,
816 4133 917 4216 Θύραι
942 4141 1057 4200 Rulink.
1084 4142 1122 4199 ad
1147 4143 1224 4200 Tim.
1246 4163 1276 4221 p.
1296 4145 1346 4203 74.

190 4235 236 4289 19.
247 4233 294 4287 20.
314 4219 455 4302 θηλυκόν
475 4222 647 4302 Θυραιῶτις
667 4232 702 4288 R.
782 4238 829 4290 20.
852 4227 970 4310 Θυρίον
989 4234 1063 4291 libri.
1142 4240 1190 4293 21.
1211 4229 1347 4312 Θύριοςλ

189 4327 237 4381 22.
256 4314 343 4397 παρὰ
363 4318 399 4375 R.
515 4323 565 4375 23.
580 4315 766 4398 Ἡρόδοτος]
792 4327 820 4392 4,
841 4329 887 4382 22.
997 4329 1045 4385 25.
1067 4321 1182 4409 ὀγδόῳ]
1203 4348 1228 4384 e.
1249 4333 1276 4397 3,
1297 4333 1325 4387 2.

188 4419 236 4474 26.
258 4404 369 4472 Θῶνου
390 4410 426 4467 R.
502 4406 657 4485 βασιλέως
676 4435 731 4475 om.
752 4418 789 4476 R.
