2902 5070
603 242 677 316 225

65 423 119 492 καὶ
140 420 294 510 κτητικδν
315 418 497 512 Διλφικός.
542 418 733 512 ἐκλήθησαν
754 424 793 492 δὲ
814 421 949 516 Δελφοί
970 425 1023 494 ὅτι
1044 423 1220 494 Ἀπόλλων

64 542 267 610 συνέπλευσε
295 541 428 632 δελφῖνι
456 538 643 623 εἰκασθείς·
673 543 730 611 καί
750 541 884 634 ἵδρυται
907 540 1099 613 Ἀπόλλωνι
1119 541 1220 634 ίερόν.

64 656 135 728 ἔστι
157 659 215 727 καί
236 656 479 748 Δελφοοσία
502 656 603 741 πόλις
626 657 821 750 Ἀρκαδίας,
844 657 890 742 ὡς
915 659 1113 751 Ἀνδροτίων
1132 659 1167 731 ἐν
1188 661 1220 749 β’

60 774 233 858 Ἀτθίδος.
275 779 314 846 ιδ
337 778 474 847 ε’θνικδν
495 775 753 868 Δελφουσιότης
773 786 820 870 τῷ
834 775 937 868 ’τόπῳ
958 785 1017 869 τῆς
1036 779 1157 873 χώρας.

147 893 391 986 Δελφίνιον,
416 892 580 988 φρούριον
601 895 706 980 Χίων,
730 893 777 978 ὡς
800 897 1005 987 Θονκυδίδης
1028 895 1142 990 ὀγδόη.
1181 901 1246 971 τδῡ

62 1016 200 1086 ἐδνικδν
216 1013 415 1106 Δελφίνιος·
439 1012 706 1106 προκατελήφθη
729 1016 790 1107 γὰρ
814 1012 833 1084 δ
854 1014 961 1099 τύπος
982 1023 1043 1087 τοῦ
1065 1019 1219 1089 ἐθνικοῦ·

63 1130 85 1224 ἢ
106 1131 322 1224 Δελφινιεός.

149 1248 398 1334 Δενθοίλιοι,
429 1249 532 1336 πόλις
559 1251 622 1339 μία
651 1258 717 1321 τῶν
744 1251 978 1344 περιμαχήτων
1011 1254 1221 1346 Μεσσηνίοις

63 1373 121 1442 καὶ
139 1369 442 1457 Λακεδαιμονίοις.
484 1373 523 1443 τὸ
547 1372 685 1442 ἐθνικδν
707 1371 836 1458 ὅμοιον.

149 1498 183 1560 Δ
189 1489 399 1575 εξαμεναί,
421 1493 524 1583 μέρος
543 1496 602 1581 τῆς
617 1489 829 1579 Ἀμβρακίας,
852 1487 923 1561 αἰπδ
946 1495 1142 1580 Δεξαμενοῦ
1160 1499 1221 1564 τοῦ
1234 1523 1260 1561 ιο

64 1607 230 1679 Μεσόλοο
259 1610 386 1691 παιδός
420 1612 476 1679 καί
505 1608 707 1700 Ἀμβρακίας
738 1614 798 1700 τῆς
828 1610 997 1701 θυγατρός
1029 1609 1223 1700 Φόρβαντος

64 1733 125 1798 τοῦ
140 1725 274 1797 Ἡλίου.
317 1730 357 1797 ιδ
380 1727 518 1798 ἐδνικδν
539 1729 780 1813 Δεξαμεναῖος,
804 1722 850 1808 ὦς
870 1725 1101 1819 Ἀριστοτέλης
1122 1732 1222 1823 φησίν

65 1848 100 1918 ἒν
120 1852 163 1939 τῇ
184 1844 443 1938 Ἀμβρακιωτῶν
464 1845 633 1938 πολιτείᾳ.

150 1966 349 2054 Δίξαροι,
386 1963 489 2046 ἔθνος
521 1961 683 2048 Χαόνων,
718 1969 788 2047 τοῖς
818 1961 1005 2055 Ἐμχιλέαις
1037 1977 1220 2058 προσεχεῖς,

60 2080 235 2166 Ἑκαταῖος
254 2083 415 2176 Εὐρώπη.
458 2081 526 2154 ὑπό
542 2080 690 2173 Ἀμυρον
711 2077 788 2174 όρος
810 2082 933 2154 οἰκοῦν.
1234 2112 1259 2151 ιι

150 2203 274 2293 Δέρα,
295 2199 403 2284 τόπος
423 2207 636 2292 Λακωνικῆς.
668 2204 708 2274 νδ
731 2199 868 2272 ἐθνικδν
890 2210 1036 2295 Δεραῖος
1052 2201 1075 2297 ἢ
1092 2205 1222 2298 Δερεά-

64 2350 130 2414 ιης,
154 2320 212 2416 ἀφ’
237 2313 279 2392 οὗ
298 2319 502 2413 Δερεάτιδος
526 2320 722 2413 Ἀρτέμιδος
745 2318 845 2412 ίερόν.
889 2325 946 2392 καί
972 2325 1032 2394 τὸν
1054 2329 1161 2416 δῆμον
1183 2330 1222 2398 δὲ

13 2435 14 2440 ¹
65 2439 273 2534 Δειρόδας
301 2443 386 2533 φασὶ
407 2443 464 2511 καὶ
484 2442 562 2524 τοὺς
584 2440 731 2530 δημότας
751 2437 1002 2530 Δειραδιιότας,
1033 2437 1104 2511 ἆπό
1131 2470 1222 2524 τινος

68 2561 86 2587 fl

105 2589 183 2644 ωας.

64 2591 103 2655 ηρ
149 2687 183 2750 Δ
189 2683 301 2770 έρβη,
324 2677 486 2772 φροόριον
504 2675 671 2768 Ἰααυρίας
691 2679 749 2747 καὶ
769 2674 881 2767 λιμήν.
914 2675 932 2748 ὁ
955 2684 1119 2747 κατοικῶν
1134 2685 1219 2768 Διρ-
1233 2701 1261 2739 20

63 2797 169 2891 βὴτης
197 2793 243 2879 ὡς
263 2795 406 2887 Σιδήτης
426 2795 592 2888 Πολήτης.
637 2798 770 2886 λέγεται
792 2794 825 2867 δ’
848 2794 932 2878 ἴσως
958 2797 1015 2866 καί
1035 2803 1069 2866 Δ
1076 2797 1221 2886 έρβεια

64 2921 122 2990 καί
139 2918 179 2988 τό
197 2917 335 2988 ἐθνικδν
350 2914 542 3010 Δερβείτης.
578 2915 742 2987 Καπίτων
764 2919 802 2988 δδ
823 2922 857 2985 Δ
863 2917 985 3007 έρμην
1006 2914 1100 3008 φησί.
1133 2918 1222 2998 τινδς

65 3041 104 3111 δὲ
132 3038 354 3124 Δέλβειαν,
388 3035 408 3104 ό
436 3037 508 3107 ε’στι
536 3041 578 3127 τῇ
598 3042 664 3106 τῶν
693 3035 884 3108 Λυκαόνων
915 3039 1011 3126 φωνῇ
1042 3027 1220 3123 όίρκεοθος.

65 3159 121 3228 καί
143 3153 340 3248 ’Λρκεόθη
361 3151 381 3245 ἡ
406 3152 519 3237 πόλις.

64 3375 92 3427 2.
106 3359 264 3426 Ἀπόλλων
283 3365 320 3422 R.
417 3365 446 3422 4.
460 3356 699 3445 Δελφονσιιίτης
719 3382 810 3439 usque
831 3363 868 3420 ad
889 3365 916 3418 6.
929 3355 1096 3438 Δελφίνιος
1115 3379 1171 3418 om.
1182 3361 1219 3418 V.

64 3452 159 3526 τόπος
178 3477 232 3536 pro
252 3457 297 3536 τῷ
315 3448 402 3536 τόπῳ
422 3457 458 3514 R.
536 3461 565 3516 5.
586 3448 695 3535 ὀγδόη]
717 3476 742 3514 c.
755 3460 802 3515 38.
881 3459 909 3512 6.
922 3445 1164 3531 προκατελήφθη
1184 3453 1220 3523 R,

65 3545 315 3629 προκατελείφθη
335 3552 371 3607 Α.
450 3553 477 3608 8.
493 3541 662 3608 Δινθόλιοι
675 3551 711 3617 Η,
730 3539 908 3606 Διλθιίννοι
920 3546 956 3614 V,
976 3537 1146 3602 Δελθιίνιοι
1158 3548 1218 3605 AR.

65 3650 133 3706 8.9.
153 3637 347 3715 Μεσσηνίων
375 3639 426 3699 καί
449 3636 712 3715 Λακεδαιμονίων
736 3641 816 3710 libri,
847 3639 970 3695 correxit
994 3637 1032 3694 H.
1063 3637 1120 3696 nisi
1143 3638 1219 3696 sorte

65 3747 130 3816 ραιῑ
142 3730 406 3809 Λακεδαιμονίων
426 3733 533 3792 excidit
548 3733 669 3809 aliquid.
748 3739 775 3792 9.
788 3727 823 3790 τδ
844 3751 900 3788 om.
912 3731 948 3788 R.
1027 3734 1132 3787 10.11.
1147 3723 1219 3788 ἀπο·

65 3821 231 3902 δεξαμίνον
244 3865 251 3881 .
265 3865 273 3882 .
285 3866 293 3882 .
305 3825 378 3882 σλοα
398 3819 510 3893 παιδός
530 3825 567 3882 V.
683 3829 730 3885 15.
745 3816 882 3901 Ἀμορον
900 3823 938 3891 ll,
959 3811 1095 3896 Ἀμηρον
1115 3821 1190 3880 libri.

65 3927 112 3982 16.
123 3915 232 3995 Δίρρα
253 3919 327 3976 libri.
346 3919 385 3977 cs.
401 3918 567 3985 Ριιιιιεα.4,
584 3921 629 3986 15,
641 3919 669 3976 4.
747 3919 850 3975 16.17.
868 3910 1004 3990 Δεραῖος
1022 3905 1042 3988 ἢ
1061 3907 1220 3990 Δερεάτης

64 4014 129 4082 RV,
148 4007 304 4086 Δερραῖος
323 4002 342 4086 ἢ
362 4005 541 4089 Δερρειίτης
560 4013 594 4068 Α.
692 4014 738 4069 17.
757 3999 947 4084 Δερεάτιδος
964 4006 1029 4074 RV,
1054 3998 1218 4082 Δερρειλτι·

65 4103 120 4174 δας
138 4108 172 4174 Α,
192 4094 398 4180 Διρριιίτιδος
416 4104 576 4162 Salmasius
596 4109 716 4181 propter
734 4100 860 4158 Pausan.
872 4101 900 4168 3,
914 4102 962 4168 20,
974 4102 1003 4156 7.
1083 4100 1129 4154 18.
1143 4089 1220 4172 φησὶ

64 4199 100 4256 R.
216 4190 432 4267 Δειραδιώτας
451 4195 490 4264 Β,
520 4185 759 4272 Δειρατιιότασα
778 4192 818 4258 R,
848 4182 1062 4268 Δειρατιιότας
1080 4188 1142 4244 AV.

63 4295 112 4350 21.
133 4285 185 4348 καί
209 4282 346 4363 Δίρβεια
372 4307 428 4344 om.
450 4287 485 4344 V.
601 4280 751 4362 Δίρβειον
770 4284 806 4341 R.
924 4287 971 4340 22.
992 4275 1158 4340 Καπείιων
1182 4277 1219 4335 V.

62 4379 192 4459 Δίρμην
211 4377 316 4447 HRV,
334 4373 464 4457 Δέρβην
481 4379 515 4435 Α.
604 4378 650 4434 24.
664 4367 835 4452 Ἀρκεόδης
854 4375 918 4433 RV.

98 4492 186 4548 steph.
200 4489 299 4544 llyunl.
939 4515 943 4526 .
982 4468 1020 4526 15
