2888 5070
757 309 832 382 354

286 494 517 583 Κάνδοροι,
537 484 920 590 χιορίονἩοφλαγονιάς
939 481 1012 578 εηὼς
1033 481 1104 553 ἀπὸ
1122 480 1263 567 σχοίνων
1278 489 1384 572 τριῶν

221 613 270 686 Γ
249 641 386 705 αγγρων
410 615 466 681 καὶ
491 606 627 699 ,Θόριβα
646 601 778 746 ηιόριηῖ
813 601 846 672 oi
869 601 1039 694 οἰκήτορες
1061 599 1289 692 Κανόορηνοί.
1324 603 1384 670 καί

212 737 322 827 Ἥρας
344 724 600 819 Κανόαρηνής“
586 721 690 815 ιορόν

308 849 517 933 Κόνόοβα,
549 843 746 932 οὐδετέρως,
776 840 878 922 πόλις
906 839 1051 922 Λυκίας.
1095 835 1166 908 ἀπὸ
1197 773 1384 923 Κανόόβου

197 973 350 1050 ιπαιιλὸς
371 962 615 1044 Δευκαλίωνος.
648 963 689 1030 τό
710 959 852 1030 ἔθνικόν
869 956 1075 1044 Κανόυβεός.

287 1065 567 1172 Ι’Κανθηλίοηλ
580 1077 680 1161 πόλις
711 1080 790 1170 περὶ
821 1075 1029 1167 Καρχηδόνα.
1069 1073 1244 1155 Ἑκαταῖος
1270 1071 1383 1164 Ἀσίᾳ.

217 1204 416 1306 Ἡρόδοτος.
1323 1237 1324 1240 =

308 1315 526 1412 Κανθήλη,
549 1312 652 1396 πόλις
672 1311 943 1405 Λιβυφοινίκων.
985 1315 1043 1384 καί
1058 1312 1233 1393 Ἑκαταῖος
1255 1311 1356 1382 οὕτω.

309 1435 565 1528 Κανταβρία,
587 1430 691 1521 χώρα.
726 1430 886 1524 Στράβων
906 1429 1013 1522 τρίτη.
1046 1429 1080 1501 ολ
1102 1429 1271 1522 οἰκήτορες
1288 1439 1384 1500 Κον-

186 1558 351 1651 ιοτοιβροί,
374 1555 421 1640 ὥς
440 1560 499 1646 τῆς
521 1549 927 1641 ΚολαβρίαςΚαλοβροί.

310 1674 537 1754 Κόντανος,
573 1668 677 1751 πόλις
711 1667 859 1760 Κρήτης,
896 1665 1100 1751 deferimur
1135 1667 1383 1760 όν-πιριορίον

171 1843 175 1852 ·
223 1801 392 1889 Κρητικοῦ
413 1791 533 1864 τόπον.
575 1791 615 1858 τό
638 1789 776 1862 §desudo
798 1785 998 1868 Καντόνιος.
1024 1883 1029 1890 Ι

225 1969 426 1984 ..ᾔ-...-

208 2068 251 2118 1.
260 2055 378 2136 χοιρίον
391 2053 429 2111 Π
432 2056 493 2123 RV,
513 2048 600 2120 πόλις
619 2055 653 2109 Α.
733 2057 795 2112 1.2.
807 2049 938 2127 σχοίνων
957 2053 1051 2127 τριῶν
1071 2051 1101 2110 Γ
1099 2049 1220 2129 όγγρων
1240 2053 1279 2120 Μ,
1301 2071 1381 2128 olos-

223 2148 296 2208 νίων
318 2147 412 2222 τριῶν
432 2145 462 2204 Γ
460 2145 581 2223 ιιγγρῶν
605 2145 679 2202 libri.
701 2145 832 2202 videntur
852 2146 924 2224 llaec
944 2147 1053 2214 omnia,
1080 2139 1122 2212 ὡς
1141 2139 1202 2202 ἀπὸ
1215 2177 1261 2190 --
1281 2138 1380 2220 rodun,

223 2243 321 2301 nescio
342 2242 422 2296 cuius
442 2225 600 2315 geographi
616 2239 708 2294 ‘verba
728 2255 803 2306 esse,
824 2238 959 2295 Cendarn
978 2248 1008 2296 et
1021 2239 1150 2295 'strarilra
1171 2238 1255 2294 trium
1275 2237 1379 2294 schoe-

224 2352 324 2404 norosn
346 2333 440 2408 spatio
455 2351 472 2388 a
488 2331 612 2406 Gangris
634 2328 742 2386 distare
763 2329 893 2388 dicentis.
915 2330 952 2388 de
973 2323 1034 2388 ἀπό
1051 2333 1093 2387 sic
1107 2331 1203 2408 posito
1218 2329 1255 2386 cs.
1268 2329 1379 2388 Setae-

223 2426 304 2484 serus
328 2424 367 2481 ad
393 2423 485 2497 Long.
512 2442 541 2498 p.
562 2425 630 2480 329.
649 2423 780 2498 pessime
806 2422 901 2480 locum
923 2422 1108 2500 interpolavit
1133 2421 1304 2480 Salmasius.

223 2510 477 2590 2.Κιινι1ορηνοι’
499 2525 528 2572 et
552 2532 618 2570 mox
642 2509 852 2588 Κανδορηνής
877 2513 916 2582 Β,
941 2509 1124 2588 Κανδρηνοί
1146 2525 1176 2572 et
1194 2510 1381 2590 Κοντλρηνής

224 2611 298 2668 libri.
409 2611 438 2663 6.
456 2601 618 2672 Ἑκαταῖος
631 2597 733 2686 Ἀσίη]
755 2607 836 2663 Haec
856 2606 895 2662 ad
915 2606 1095 2683 praecedens
1115 2616 1219 2664 tmema
1241 2606 1278 2664 tle
1299 2606 1380 2663 Can-

223 2701 307 2776 dybis
328 2697 544 2767 transferenda,
564 2697 677 2772 reliqua
697 2706 791 2754 autem
813 2699 971 2758 coniunctis
993 2717 1067 2774 quae
1088 2699 1163 2756 male
1184 2698 1294 2756 divulsa
1314 2708 1380 2756 sunt

222 2795 263 2849 ita
290 2791 444 2850 scribenda
469 2810 534 2850 esse
561 2790 706 2866 suspicor:
733 2785 948 2864 Κονθηλία,
977 2783 1064 2858 πόλις
1089 2787 1157 2866 περί
1178 2783 1378 2870 Καρχηδόνα.

223 2878 354 2957 [λέγεται
375 2880 426 2939 καί
446 2877 625 2958 Κιινθήλη].
654 2874 851 2957 Ἡρωδιανός
872 2875 1064 2962 ((Κοινθήλη,
1085 2873 1173 2951 πόλις
1190 2879 1378 2962 Λιβοήοινί-

222 2966 319 3031 κων”.
350 2969 401 3030 καί
422 2968 585 3040 Ἑκαταῖος
610 2963 701 3030 οὕτω.
724 2972 878 3036 Canthelia
898 2984 928 3032 et
949 2974 1091 3032 Canthele
1111 2975 1150 3056 nil
1170 2977 1226 3032 nisi
1246 2975 1378 3034 diversae

223 3065 352 3124 ciusdem
380 3066 515 3122 nominis·
528 3063 641 3124 formae
665 3073 740 3123 stunt.
763 3065 944 3124 Herodianus
965 3068 1020 3124 ista
1040 3066 1151 3124 dixerat
1170 3067 1243 3124 libro
1263 3067 1378 3128 duode-

223 3158 296 3214 cimo
316 3156 371 3232 τῆς
390 3151 545 3224 καθόλου,
567 3166 598 3214 ut
618 3157 748 3214 conicere
769 3157 837 3214 licet
856 3177 891 3216 eu
913 3159 1036 3216 Arcadio
1056 3179 1086 3237 p.
1108 3163 1172 3228 109,
1192 3161 1219 3216 4.
1241 3160 1377 3218 Herodo-

222 3261 267 3312 tus
282 3249 462 3307 Cantlreliarn
479 3267 618 3324 nusquam
629 3259 777 3306 memorat.
794 3250 938 3308 veritatem
952 3251 1161 3310 emendationis
1174 3253 1280 3329 probat
1292 3255 1377 3311 ctiam

221 3346 351 3410 turbatus
372 3342 518 3400 literarum
539 3341 620 3399 ordo.
644 3379 650 3392 .
738 3346 766 3400 8.
786 3339 1063 3421 Λιβυκοφοινίιιων
1082 3343 1118 3411 V,
1139 3340 1378 3422 Ληθοφοινίκοιν

221 3436 281 3492 stt.
373 3441 400 3492 u.
416 3428 521 3508 χιόριι]
542 3433 656 3514 Excidit
671 3428 838 3500 Ἱσπανίας.
929 3431 1030 3512 τρίτη]
1052 3455 1081 3513 p.
1104 3440 1170 3496 157.
1270 3442 1316 3496 to.
1337 3429 1378 3504 ὡς

220 3526 276 3600 τῆς
295 3522 482 3601 Καλοβριίις
503 3522 670 3601 Καλαβροί
688 3526 756 3584 add.
772 3526 835 3584 RV.
916 3531 962 3585 11.
977 3520 1154 3600 Κόντανος]
1177 3528 1376 3586 Contentum

221 3617 324 3676 dicitur
350 3619 378 3673 in
406 3616 504 3674 tabula
530 3618 763 3692 Peutingeriana.
791 3639 815 3677 ν.
843 3618 952 3676 lloeck.
980 3619 1059 3676 Cret.
1088 3621 1142 3678 rol.
1165 3626 1179 3679 1
1206 3642 1237 3699 p.
1258 3625 1326 3680 388.

220 3713 266 3766 12.
287 3701 383 3772 τόπον
411 3709 473 3776 RV,
500 3703 598 3766 τόπον
623 3709 682 3788 Pp,
707 3703 792 3790 τόπῳ
818 3713 851 3768 λ.
877 3713 1180 3774 tenebricosaverba,
1198 3731 1283 3772 nemo
1310 3713 1377 3772 dum

219 3799 374 3875 expedivit.
395 3801 578 3858 scribendum
604 3801 716 3860 ridetur
743 3795 785 3869 ὡς
805 3793 931 3868 Ξενίων.
952 3799 984 3862 ἓν
1005 3804 1076 3883 [τῷ]
1097 3801 1165 3881 περί
1182 3797 1297 3880 Ὀρίοο.
1320 3825 1376 3882 quo

218 3889 394 3966 significetur
407 3893 545 3950 Xenionis
565 3893 659 3952 locum
675 3914 699 3951 s.
713 3913 738 3952 t.
750 3885 856 3978 Ὅριον
876 3895 993 3953 allatum
1013 3898 1057 3953 iri.
1079 3898 1118 3954 ito
1139 3898 1247 3974 passim
1268 3907 1376 3956 noster.

217 3981 317 4040 Otium
339 3983 455 4043 aliunde
478 3985 592 4060 quidem
613 4003 669 4041 non
692 3989 845 4062 cognitum,
865 3997 894 4046 at
915 3979 1002 4048 Orios
1024 3983 1111 4063 (τοὺς
1128 3981 1264 4063 Ὀρίονς)
1285 3989 1374 4048 habes

217 4075 295 4153 apud
310 4074 416 4150 Polyb.
437 4078 465 4144 4,
486 4081 533 4136 53.
553 4067 658 4154 Ὄριος
679 4087 773 4136 autem
788 4082 830 4136 'ab
849 4071 957 4156 Ὅριον
975 4080 1129 4148 formatur,
1156 4089 1186 4137 ut
1206 4077 1376 4152 Βυζάντιος

216 4186 232 4224 a
254 4160 437 4238 Βοζόντιον
463 4157 622 4241 Ἀηκόριος
646 4171 683 4226 ab
702 4163 875 4248 Ἅγκόριον,
899 4164 1097 4250 Ἀνακτόριος
1116 4165 1324 4246 Ἀκαριόντιος
1347 4183 1374 4232 et

215 4259 305 4317 multa
324 4259 354 4315 id
374 4276 465 4332 genus
487 4256 558 4322 alia,
585 4257 621 4315 de
647 4263 749 4335 quibus
769 4262 928 4330 identidem
948 4263 1098 4322 admonuit
1117 4265 1300 4342 Stephanus,
1325 4266 1373 4342 qui

216 4368 290 4424 quae
315 4350 353 4406 de
373 4349 445 4404 Orio
470 4346 625 4421 scripserat
651 4370 713 4408 cum
740 4352 805 4410 aliis
830 4355 925 4414 multis
950 4356 1017 4416 inde
1037 4357 1073 4414 ab
1093 4349 1279 4433 ‘Optaret'a
1273 4377 1371 4436 ingens

213 4438 316 4497 lacuna
337 4439 492 4513 absorpsit
570 4433 739 4512 Καιτανιος
759 4444 795 4502 V
