2888 5070
609 239 685 336 σεο

69 434 246 528 ἐπίρρημα.
281 437 316 505 έκ
339 439 378 507 δέ
398 443 459 506 τοῦ
475 433 570 506 Ἰάινν
591 440 630 508 τδ
649 437 725 510 Ἰάν.
761 441 967 528 λέγεταικαὶ
988 446 1144 532 θηλυκῶς
1161 441 1227 526 ’λάς

70 558 126 624 καὶ
149 551 281 636 Ἰαονίς.

151 671 314 760 Ἰβαῐοι,
342 673 375 744 ολ
401 676 458 743 καὶ
482 673 647 766 Ἰβηνοί,
677 675 778 760 ἔθνος
806 680 979 768 Κελτικῆς.
1020 678 1165 769 Ἰβηνοὶ
1192 680 1224 751 δ’

68 791 133 862 εἶσί
155 795 212 862 καὶ
233 793 379 876 Λυδίας,
405 791 518 862 οἳκαὶ
540 791 736 878 Ἰαονῖται
758 799 922 885 λέγονται.

50 935 56 945 ·
156 909 344 1001 [Ἰβηρίαι
377 910 453 993 δύο,
484 909 504 1003 ἡ
532 915 594 997 μέν
623 915 709 1003 πρδς
736 922 809 996 ταῖς
831 913 1048 1004 Ἡρακλείαις
1076 914 1251 1007 στήλαιςε

70 1026 142 1099 άπδ
156 1024 289 1120 Ἴβηρος
310 1035 476 1115 ποταμοῦ,
498 1022 539 1100 οὗ
558 1032 720 1120 μέμνηται
746 1030 1007 1126 Ἀπολλόδωρος
1028 1034 1065 1105 έν
1084 1041 1127 1127 τῇ
1149 1035 1227 1125 περὶ

67 1147 178 1239 νῆεδ

267 1265 362 1349 ἐντὸς
383 1270 423 1340 n}
444 1266 599 1360 Πυρήνης
610 1263 703 1360 ’λβηρ
724 1267 753 1338 τ’
777 1273 864 1342 ἐστὶν
884 1273 990 1360 μέγας

267 1387 422 1474 ποταμὸς
444 1384 628 1478 φερόμενος
655 1390 828 1478 ἐνδοτέρω.

68 1502 188 1594 ταύτης
209 1507 248 1575 δέ
269 1503 383 1576 πολλά
406 1505 616 1597 φασιν-ἔθνη
638 1511 866 1598 διαιρεῖσθαι,
888 1509 1048 1598 καθάπερ
1067 1506 1225 1596 Ἡρόδω-
1238 1532 1264 1572 10

67 1651 127 1714 ρος
148 1625 183 1693 ἐν
203 1619 244 1714 τῇ
266 1622 388 1716 δεκάτῃ
409 1629 476 1694 τῶν
494 1623 572 1694 καθ’
588 1623 760 1716 Ἡρακλέα
782 1629 947 1719 γέγραφεν
968 1626 1098 1718 ἱστορίη
1121 1627 1227 1708 οὕτως

72 1745 137 1838 ε(τὸ
161 1743 199 1812 δέ
217 1740 377 1833 Ἰβηρικὸν
398 1745 494 1835 γένος
513 1749 627 1825 τοῦτο,
651 1743 735 1835 ὅπερ
758 1748 844 1836 φημί
866 1745 988 1816 οἰκέειν
1007 1749 1049 1816 τά
1071 1745 1226 1836 παράλια

66 1866 128 1932 τοῦ
157 1859 319 1944 διάπλου,
349 1860 529 1954 διώρισται
558 1859 719 1949 ὀνόμασιν
744 1863 780 1935 έν
808 1866 902 1954 γένος
929 1865 985 1935 έδν
1007 1865 1091 1933 κατὰ
1114 1846 1223 1954 ίμῢλα·

67 1985 203 2072 πρῶτον
222 1982 284 2065 μέν
303 1977 337 2049 ολ
358 1976 417 2050 έπλ
438 1986 508 2062 τοῖς
530 1980 681 2066 ἐσχάτοις
699 1981 862 2066 οἰκέοντες
880 1984 921 2053 τά
938 1983 1225 2074 [πρδς]·δυσμέιιιν

67 2097 215 2188 Κύνητας
237 2095 475 2183 ὀνομάζονται,
505 2096 563 2170 ἀπ’
588 2096 722 2172 ἐκείνων
744 2106 783 2174 δέ
804 2099 867 2195 ἤδη
889 2106 976 2193 πρὸς
996 2103 1118 2195 βορέην
1139 2100 1225 2172 ἰόντι
1238 2133 1263 2174 ιε

71 2221 212 2307 Γλῆτες,
238 2219 323 2301 μετά
351 2220 390 2289 δέ
421 2216 619 2310 Ταρτήσιοι,
649 2223 734 2306 μετὰ
763 2225 801 2293 δέ
824 2220 1043 2310 Ἐλβυσίνιοι,
1071 2221 1155 2305 μετά
1187 2223 1226 2292 δέ

67 2335 277 2426 Μαστιηνοί,
303 2337 389 2422 μετά
417 2339 455 2408 δέ
476 2338 675 2425 Κελκιανοί,
705 2338 824 2410 ἔπειτα
846 2344 884 2412 δέ
905 2336 970 2430 ἤδη
993 2336 1223 2421 ὃῬοδανός”.

68 2459 216 2548 διηρελτο
239 2457 278 2525 δέ
304 2454 326 2548 ἡ
349 2455 478 2548 Ἰβηρία
505 2458 552 2542 είς
576 2457 769 2550 [ἐπαρχίας]
797 2459 873 2543 δύο,
904 2465 960 2530 νῦν
988 2462 1025 2530 δέ
1054 2458 1103 2541 είς
1128 2467 1224 2548 τρεῖς,
1348 2473 1362 2540 ἴ

69 2571 115 2656 ὥς
129 2575 330 2664 Μαρκιανὸς
352 2577 386 2646 ἐν
400 2575 557 2666 περίπλῳ
573 2574 676 2668 αιίτῆς
699 2574 886 2670 «πρότερον
906 2579 967 2662 μέν
990 2570 1048 2645 οὖν
1063 2572 1083 2664 ἡ
1099 2573 1224 2666 Ἰβηρία

67 2840 95 2892 1.
112 2827 203 2890 ’lanu
221 2832 257 2902 B,
277 2826 336 2890 ίάιυ
356 2835 429 2891 libri.
508 2830 647 2911 θηλυκὸν
665 2836 701 2893 Β.
779 2837 806 2892 3.
823 2827 898 2908 ίδνη
914 2833 949 2889 V.
1028 2834 1056 2892 4.
1072 2828 1223 2892 Ἰαωνῖται

65 2928 143 2986 libri.
272 2927 301 2985 5.
318 2919 462 3003 Ἰβηρίαι]
489 2927 596 2984 Totum
621 2927 677 2986 hoc
701 2936 807 2984 tmema
832 2943 849 2982 a
870 2925 1062 2982 Constantino
1081 2928 1223 3006 Porphyr.

67 3021 105 3078 de
126 3018 232 3078 admin.
256 3021 325 3096 imp.
346 3025 393 3078 23.
414 3031 556 3080 servatum
577 3022 750 3099 epitomator
769 3019 808 3074 ita
833 3016 1069 3093 compendifecit:
1093 3013 1224 3096 Ἰβηρίαι

67 3105 134 3180 δύο,
154 3104 174 3189 ῆ
193 3108 250 3186 μέν
268 3107 347 3188 πρὸς
365 3109 423 3180 τὰς
437 3107 641 3191 Ἡρακλείους
660 3104 785 3189 στήλας,
807 3101 868 3167 άπὸ
887 3101 1011 3187 Ἴβηρος
1030 3111 1182 3185 ποταμοῦ,
1203 3107 1223 3189 ῆ

23 3275 26 3282 ,
67 3203 102 3264 δέ
125 3200 215 3284 ἑτέρα
239 3200 317 3282 πρὸς
342 3201 471 3282 Πέρσας
497 3202 572 3264 ίστί.
597 3203 649 3264 καί
673 3200 709 3264 τὸ
735 3197 859 3263 ἐδνικὸν
878 3192 976 3280 Ἴβηρ.
1003 3197 1056 3260 καί
1082 3197 1143 3260 ιίπδ
1168 3204 1224 3279 τῆς

58 3290 185 3376 Ἴβηρος
202 3297 320 3376 γενικῆς
342 3291 457 3374 Ἰβηρίς
476 3295 527 3356 καί
544 3291 695 3375 Ἰβηρικός
714 3293 765 3354 καί
785 3286 948 3372 δ”]βηρος.
970 3291 1049 3374 φασί
1070 3293 1161 3374 (φησί
1182 3298 1223 3372 V)

65 3385 95 3448 δ’
117 3384 232 3459 αὐτοὺς
256 3384 439 3466 ὑδροποτεῖν
463 3383 667 3468 (ὑδροποτεῖν
685 3389 765 3462 RV),
791 3382 832 3456 ὡς
851 3379 1019 3463 Ἀθήναιος
1044 3383 1076 3445 ἰν
1094 3385 1222 3446 Δειπνο·

65 3483 227 3561 σοφιστῶν
246 3479 390 3563 δευτέρῳ.
416 3478 467 3540 καί
491 3482 691 3558 μονοσιτοῦσι
711 3478 761 3538 διδ
782 3476 981 3558 μικρολογίαν
1001 3477 1223 3558 (μακρολογιάν

64 3574 146 3651 RV),
167 3573 219 3634 καί
239 3573 352 3652 ἐσθῆσι
372 3569 534 3652 κέχρηνται
553 3567 838 3641 πολυτελεστάτοις,
864 3565 905 3640 ὡς
928 3568 1165 3632 πλουσιώτατοι.

65 3675 94 3730 9.
104 3663 335 3744 ίνδοτίρωδενλ
411 3672 458 3726 10.
470 3660 586 3743 ταύτην
601 3663 635 3726 δέ
651 3665 693 3735 είς
709 3662 807 3724 πολλὰ
821 3667 856 3722 Β.
937 3659 1223 3742 10.11.Ἡρόδοτος

64 3773 133 3822 ante
152 3762 189 3820 B.
307 3766 353 3820 11.
375 3755 539 3839 ίστοριιῖινλ
656 3766 702 3818 12.
724 3756 861 3816 ολκεῖνΟ
887 3760 906 3815 i.
928 3778 954 3816 e.
976 3760 1193 3816 Constantinus.

67 3859 113 3912 13.
135 3843 281 3927 διάπλου]
308 3846 445 3920 ὠκεανοῦ
470 3854 630 3914 Bekkerus.
748 3843 919 3924 οὐνόμασιλ
1035 3851 1082 3908 14.
1109 3849 1222 3908 οἰκοῦν-

65 3965 116 4014 τες
137 3947 172 4004 C.
271 3941 350 4022 πρὸς
369 3947 438 4004 add.
459 3949 495 4006 B.
614 3949 660 4004 15.
682 3937 923 4018 οδνομιίζονταιλ
1019 3937 1134 4020 βορέαν
1155 3945 1189 4002 C.

66 4043 113 4098 16.
132 4033 317 4113 Ἐλβυσίνιοι
338 4039 374 4108 Β,
391 4033 568 4096 Ἐλευσίνιοι
589 4039 625 4097 C.
705 4042 752 4096 17.
763 4032 928 4096 Μαστινοί
946 4045 1012 4093 ante
1025 4035 1061 4093 B.
1141 4035 1223 4094 Καλ-

66 4127 173 4189 πιανοί
189 4131 226 4190 Β.
247 4132 373 4190 sortasse
388 4128 542 4192 Κελτικοί.
628 4124 688 4207 ῆδη
709 4122 887 4195 ὁῬόδανος
906 4128 942 4196 Β,
962 4121 1165 4205 ῆδιορόδανος
1186 4130 1221 4188 C.

66 4227 116 4282 18.
137 4219 270 4302 διηρεῖτο
290 4255 329 4266 -·-
348 4225 415 4293 324,
435 4231 454 4282 2
478 4219 744 4302 Ταρρακωνησίαν
764 4225 793 4280 in
813 4223 887 4278 hanc
908 4222 1007 4280 sedem
1028 4219 1138 4288 reduxi,
1160 4241 1223 4278 cum

69 4315 154 4391 vulgo
173 4317 240 4386 324,
259 4320 298 4376 20
320 4325 388 4376 ante
410 4320 495 4376 verba
515 4310 575 4374 ἀπὸ
596 4318 651 4393 τῆς
674 4317 793 4394 γενικῆς
817 4316 959 4392 legantur.
1075 4309 1225 4388 ἐπαρχίας

67 4407 138 4466 αδδ.
157 4409 193 4467 Β.
271 4404 344 4487 τρία
365 4409 401 4466 C.
485 4414 531 4469 19.
555 4406 752 4488 Μαρκιανὸς]
775 4430 803 4488 ρ.
825 4413 861 4466 66
883 4407 929 4466 οδ.
950 4407 1023 4526 Mill.

963 4501 998 4555 21
