2888 5070
624 217 699 293 329

164 392 327 486 Ἰθιόμη,
355 394 465 479 πόλις·
480 398 678 479 Θεσσαλίας
699 403 757 488 τῆς
777 396 1066 488 Πελασγιώτιδος.
1098 401 1243 494 ’Όμηρος

83 515 145 611 «οἵ
163 512 190 585 τ’
214 510 302 601 εἶχον
327 512 466 606 Τρίκκην
493 517 550 584 καὶ
573 512 720 606 Ἰθώμην
746 514 1043 603 κλωμακόεσσαν”.
1087 517 1159 591 ἔστι
1185 524 1242 590 καί

81 631 275 726 Μεσσήνης.
307 630 379 704 άπὸ
399 629 545 720 Ἰθώμου
564 636 744 722 βασιλέως.
781 639 934 706 καλεῖται
955 637 993 706 δὲ
1016 631 1035 706 ὃ
1057 635 1164 721 τόπος
1183 645 1242 731 τῆς

86 755 290 844 Θετταλικῆς
315 750 527 842 Θούίιιαιον
555 749 712 846 ἀποβολῇ
736 759 797 824 τοῦ
817 763 832 823 ῐ
853 756 911 824 καί
930 758 1041 846 τροπῇ
1061 760 1122 824 τοῦ
1143 761 1171 824 ὦ
1193 755 1242 840 εἷς

81 875 143 964 την
171 879 212 942 δι’)
244 871 435 963 δίφθογγον
465 869 685 962 [Θούμαιον].
729 875 768 944 τό
799 873 936 960 ίθνικόν
969 871 1151 960 Ἰθωμαῖος
1183 879 1266 948 καὶι

79 989 246 1080 Ἰθωμαία
268 993 325 1060 καί
343 988 530 1084 Ἰθωμὴτης
552 990 611 1061 διὰ
632 995 693 1060 τοῦ
713 997 751 1080 η,
779 991 837 1059 καί
858 994 984 1083 δωρικῇ
1005 999 1115 1086 τροπῇ
1138 991 1239 1064 Ἰθω-

82 1107 202 1197 μάτας,
225 1107 283 1202 A&
303 1102 344 1181 οὗ
365 1109 384 1180 ὁ
403 1111 544 1200 πολίτης
560 1106 754 1195 Ἰθωμάτας
774 1111 831 1179 καί
846 1110 933 1193 Ζεύς
951 1108 1151 1197 Ἰθωμάτας.
1184 1116 1242 1183 καί

83 1225 180 1319 ἑορτὴ
201 1227 378 1316 Ἰθωμαῖα.
421 1233 479 1302 καὶ
500 1227 688 1315 Ἰθωμαιίς.

164 1344 329 1439 Ἰκαρία,
360 1354 465 1442 δῆμος
489 1355 549 1440 τῆς
569 1347 737 1438 Αίγηίδος
763 1350 886 1439 φυλῆς,
915 1344 985 1417 άπὸ
1010 1345 1154 1440 Ἰκαρίου
1180 1356 1242 1421 τοῦ

83 1467 214 1556 πατρὸς
224 1463 412 1560 Ἠριγόνης.
447 1464 626 1558 ὁδημότης
644 1464 815 1559 Ἰκαριεύς.
848 1467 892 1535 τά
908 1466 1033 1538 τοπικά
1053 1464 1240 1562 Ἰκαριόθεν
1254 1501 1281 1541 ιο
1388 1473 1390 1482 '

83 1582 247 1676 Ἰκαρίαζτ
265 1585 413 1680 Ἰκαριοῖ.

161 1700 335 1797 Ἴκαρος,
352 1710 453 1798 νῆσος
466 1703 530 1792 μία
544 1709 610 1772 τῶν
627 1701 822 1774 Κυκλάδων.
857 1701 1006 1774 ἐκαλεῖτο
1024 1707 1063 1775 δά
1079 1704 1243 1800 Μάκρις

84 1828 142 1896 καί
165 1824 320 1915 Δολίχη
339 1827 398 1895 καί
414 1819 663 1910 Ἰχθυόεσσα.
697 1819 729 1908 ,ί
750 1820 821 1891 ἔστι
842 1824 900 1894 καὶ
921 1819 1023 1904 πόλις
1132 1823 1161 1914 γ’
1184 1832 1242 1917 νῆ.

85 1969 147 2026 σος
169 1944 255 2032 πρός
275 1949 317 2036 τῇ
333 1942 481 2036 Ἐρυθρᾷ
503 1938 675 2032 θαλάσση.
720 1937 739 2010 ὁ
761 1939 903 2030 πολίτης
926 1938 1068 2032 Ἰκάριος
1090 1942 1242 2037 απόντου

82 2061 280 2153 Ἰκαρίοιο”.
321 2064 378 2132 καὶ
398 2063 548 2152 θηλυκόν
570 2058 706 2152 Ἰκαρία.
1256 2091 1281 2131 ις

169 2179 354 2264 Ἰκόνιον,
377 2180 481 2263 πόλις
494 2177 691 2260 Λυκαονίας
712 2179 799 2268 πρὸς
818 2186 889 2262 τοῖς
911 2178 1004 2270 ὅροις
1018 2185 1079 2250 τού
1098 2181 1242 2276 Ταύρου.

87 2302 174 2393 φασί
195 2298 228 2370 δ’
253 2298 307 2370 ότι
335 2294 375 2391 ἦν
395 2327 447 2382 τις
472 2296 647 2384 Ἀννακός,
675 2291 715 2380 ὃς
742 2294 857 2388 ἔζησεν
884 2295 970 2393 ὑπὲρ
996 2302 1038 2369 τά
1064 2300 1243 2393 τριακόσια

86 2419 154 2511 ἔτη.
196 2421 276 2500 τούς
307 2422 345 2489 δὲ
375 2420 478 2510 πέριξ
509 2413 784 2504 μαντεύσασθαι,
822 2419 884 2500 ἕως
916 2417 1006 2502 τίνος
1038 2417 1244 2508 βιώσεσθαι.

86 2536 195 2629 ἐδόθη
216 2540 255 2610 δὲ
272 2534 425 2628 χρησμός,
449 2535 503 2608 ότι
521 2536 643 2608 τούτου
663 2534 921 2626 τελευτήσαντος
941 2536 1245 2630 πάντεςδιαφθα-

85 2658 258 2752 ρήσονται.
290 2655 324 2726 ολ
346 2660 384 2728 δί
402 2654 528 2747 Φρύγες
551 2653 753 2736 ἀκούσαντες
774 2653 938 2748 ἐθρήνουν
959 2661 1127 2748 σφοδρῶς.
1161 2658 1284 2735 {wem

86 2781 145 2850 καί
179 2773 347 2867 παροιμία
383 2775 448 2870 ωτό
483 2776 543 2846 aaz
574 2772 734 2845 Ἀννακοῦ
766 2771 947 2845 κλαύσειν”
982 2777 1040 2848 ἐπὶ
1073 2781 1139 2846 τῶν
1170 2775 1247 2848 λίαν

89 2929 294 2943 *—

88 3004 117 3056 1.
132 2987 283 3074 ’Όμηρος]
304 2993 337 3051 11.
357 2998 386 3062 2,
404 2997 472 3054 729.
588 2997 617 3051 2.
642 2988 758 3070 Τρίκην
780 2994 816 3052 R.
934 2989 1162 3070 κλιμακόεσσαν
1181 2993 1246 3054 RV.

87 3095 117 3150 3.
127 3081 280 3165 Μεσήνης
292 3087 366 3146 libri.
445 3083 479 3144 δὲ
489 3086 578 3156 ARV,
592 3081 644 3144 καί
655 3086 710 3165 Pp.
788 3089 818 3145 1.
832 3082 1022 3155 Θετταλίαςλ
1098 3089 1162 3147 (1.5.
1174 3081 1246 3145 ‹ino-

87 3183 216 3262 βολῇ-
229 3173 390 3256 Θούμαιον
409 3190 526 3260 praeter
543 3179 589 3259 Pp
610 3178 678 3238 add.
692 3179 757 3250 RV,
778 3180 828 3258 qui
847 3188 913 3238 ante
933 3171 1075 3259 ἀποβολῇ
1095 3178 1164 3238 add.
1185 3177 1247 3236 καί.

88 3280 117 3337 5.
131 3267 293 3351 Θούμαιον
310 3275 428 3332 seclusit
441 3273 490 3332 W.
511 3273 550 3332 cf.
565 3272 602 3332 de
614 3272 671 3332 hac
683 3273 777 3330 forma
794 3290 868 3350 quae
883 3291 971 3350 supra
985 3273 1067 3330 attuli
1079 3276 1187 3354 p.290,
1199 3277 1246 3330 10.

88 3373 117 3428 6.
139 3366 254 3448 δωρικῇ
274 3368 310 3436 R,
330 3364 454 3446 δωρικῷ
475 3366 538 3435 AV,
558 3385 615 3424 om.
627 3365 682 3443 Pp.
779 3365 880 3444 τροπῇ
899 3365 936 3435 R,
954 3358 1060 3446 τρόπῳ
1080 3365 1188 3443 APpV.

88 3465 118 3522 6.
129 3466 158 3522 7.
172 3453 350 3534 Ἰθωμάτας
363 3459 399 3530 V,
415 3451 592 3534 Ἰθωμότης
611 3461 645 3528 A,
668 3451 825 3536 Θωμάτης
843 3459 881 3517 R.
959 3462 988 3518 8.
1005 3451 1165 3534 Ἰθωμαιλς
1184 3458 1247 3527 RV,

84 3548 279 3629 Ἰθωμαίςλ.
296 3553 365 3611 sort.
375 3546 553 3629 Ἰθωμᾶτις.
620 3557 648 3612 9.
657 3544 790 3630 Ἰκαρίου
804 3554 841 3622 X,
858 3545 979 3632 Ἰκάρου
994 3553 1069 3612 libri.
1142 3556 1188 3612 12.
1199 3551 1248 3627 νῆ·

88 3665 145 3716 σος
153 3642 213 3722 μία
224 3646 286 3714 RV,
301 3641 359 3719 μία
373 3644 466 3721 νῆσος
477 3649 511 3703 A.
581 3650 627 3704 13.
639 3639 757 3720 Λολιχή
771 3646 868 3724 vulgo.
885 3647 923 3704 cs.
935 3647 1028 3704 Anall.
1042 3647 1122 3705 Alex.
1137 3667 1167 3724 p.
1179 3649 1246 3704 163.

107 3733 139 3814 β’
160 3731 225 3796 ἴστι
250 3733 301 3794 καὶ
326 3731 414 3804 πόλις
437 3737 506 3807 RV,
539 3731 668 3812 δευτέρα
693 3729 781 3804 πόλις
805 3742 838 3796 A.
955 3739 1079 3796 indicavi
1104 3739 1246 3796 lacunam.

89 3851 127 3890 an
153 3831 260 3890 excidit
286 3829 341 3905 τῆς
369 3823 526 3906 Ἀττικῆςλ
557 3831 595 3888 cf.
614 3829 721 3888 Suidas
748 3847 773 3886 τ.
794 3824 943 3907 Μάγνης,
972 3823 1105 3907 Ἰκαρίου
1131 3822 1248 3898 πόλεως

81 3916 221 3990 Ἀττικός
242 3915 404 3999 (Ἀττικῆς)
425 3931 454 3979 et
476 3941 501 3982 v.
516 3918 642 3991 Θέσπις,
659 3915 794 3997 Ἰκαρίου
815 3915 933 3990 πόλεως
944 3916 1094 3998 Ἀττικῆς.
1115 3925 1245 3980 lGrono·

88 4019 151 4074 vius
168 4011 372 4082 Μακεδονίας
385 4015 540 4092 supplebat
554 4016 601 4072 cll.
615 4015 694 4073 Mela
703 4019 731 4083 2,
743 4019 771 4072 3.
844 4015 949 4076 14.15.
964 4009 1077 4076 πόντου
1090 4010 1246 4094 Ἰκαρίοιο]

88 4109 177 4167 Hom.
194 4107 348 4178 11.2,145.
431 4111 476 4166 15.
490 4102 630 4182 θηλυκόν
648 4107 685 4175 R,
702 4107 850 4182 θηλυκῶς
869 4109 930 4166 AV.
1010 4115 1057 4169 17.
1076 4128 1123 4176 τις
1141 4110 1249 4186 PpRV,

87 4203 145 4276 τῆς
165 4204 199 4259 A.
294 4193 421 4268 Ἀνακός
439 4201 504 4259 RV.
526 4220 562 4258 an
582 4191 766 4267 Ναννακόςί
786 4200 824 4258 cf.
847 4200 1008 4261 Choliamb.
1029 4211 1109 4279 poet.
1130 4220 1160 4278 p.
1182 4205 1247 4260 151.

91 4297 138 4353 16.
155 4285 303 4366 βιάσεται
324 4293 360 4352 X.
439 4298 485 4352 20.
497 4283 635 4351 21.ὅθεν
655 4289 705 4351 καί
725 4293 761 4360 R,
783 4285 836 4370 ἀφ’
860 4277 896 4351 οὗ
916 4297 976 4352 AV.
1056 4286 1250 4351 21.Ἀνακοῦ

90 4385 156 4444 RV.
178 4405 215 4444 an
236 4381 424 4444 Narraxofi?
513 4376 658 4442 κλαύσειλ
