2888 5070
636 240 712 312 359

87 425 204 510 χρῆσις
227 419 265 488 δὲ
287 418 346 507 τήν
369 425 401 486 ii
423 418 614 508 δίφθογγον
636 417 715 503 ἔχει.
755 418 986 504 Ἀπολλώνιος
1014 424 1054 492 δὲ
1075 426 1134 493 διὰ
1154 430 1215 492 τοῦ
1237 431 1252 489 ῑ

89 538 172 628 φησί
191 541 330 624 μακροῦ,
355 531 401 616 ῶς
423 533 457 603 ἐν
479 543 526 627 τῷ
548 536 573 605 ε’
592 540 671 626 περὶ
693 544 821 607 παθῶν
842 540 955 636 καλόν
976 546 1024 629 τῷ
1040 545 1120 631 περὶ
1135 547 1248 630 γενῶν.

86 653 106 746 ἡ
130 657 170 724 δὲ
191 652 325 734 ἔκτασις
346 649 512 742 ἀναγκαία
535 657 594 724 διδ
615 658 675 746 την
696 656 970 748 παραλήγουσαν.
1008 635 1050 728 νδ
1072 659 1134 748 γὰρ
1157 657 1248 740 είςᾶ

85 775 191 864 βραχὺ
212 769 356 862 λήγοντα
378 772 739 863 παρασχηματιζόμενα
756 775 893 854 ἐκτείνει
910 778 977 868 τῆν’
985 776 1247 868 παραλήγουσαν

86 890 189 985 φύσει
211 887 232 980 ἢ
254 892 364 960 θέσει.
402 888 614 978 Ἡρωδιανὸς
637 894 674 963 δὲ
696 895 731 962 ἐν
751 897 813 980 μὲν
833 902 876 987 τῇ
898 894 1116 988 ὄρθογραφίᾳ
1138 896 1271 988 ἀμφι-ι

84 1013 196 1097 βαλεῖ,
228 1009 263 1090 δν
293 1011 332 1080 δὲ
361 1015 403 1099 τῇ
433 1008 587 1080 καθόλου
614 1009 731 1112 χρήσει
760 1011 939 1099 ἑπόμενος
958 1017 1017 1083 διδ
1051 1013 1245 1106 διφθόγγοα
1303 1045 1307 1054 ’

85 1126 197 1220 φησίν,
219 1123 498 1215 ὑπομνηματίζων
520 1131 558 1198 δὲ
579 1132 619 1198 τό
642 1133 721 1219 περί
742 1137 844 1221 γενῶν
860 1119 1168 1204 Ἀπολλωνίου-διδ
1185 1139 1245 1202 τοῦ

84 1249 257 1337 ῑμακροῦι
294 1243 391 1342 αλ’στι
412 1247 473 1336 γὰρ
495 1246 552 1315 ὅτε
573 1248 658 1331 μετὰ
675 1251 735 1338 τὴν
751 1249 918 1340 διαίρεσιν
935 1249 1069 1331 ἔντασις
1085 1247 1243 1341 γίγνεται,
1273 1333 1290 1350 ..

84 1364 202 1451 ὀίομαι
225 1358 319 1453 όιγσν
342 1358 421 1433 όιδα
443 1363 521 1454 παρ’
543 1365 746 1450 Αἰολεῦσιν,
775 1367 848 1438 ἀντί
868 1373 929 1436 τοῦ
952 1363 1042 1437 σίδα.
1083 1366 1106 1458 ἡ
1125 1373 1243 1460 χρῆσις

83 1487 122 1554 δὲ
140 1485 203 1553 διὰ
225 1481 525 1574 διηνθόγγοωκατοὶ
548 1485 770 1575 συνεκδρσμήν
795 1490 856 1554 τοῦ
878 1483 1023 1574 σώτειρα
1046 1484 1240 1577 δλότειρα”,
1255 1505 1281 1544 ιο
1365 1551 1369 1557 .

12 1588 18 1598 ’
83 1604 217 1692 λέγεται
245 1593 302 1671 καλ
330 1600 477 1692 Κόριος·
512 1602 618 1684 οὕτως
649 1604 711 1692 γδρ
745 1601 764 1674 ὁ
794 1603 881 1684 Ζειλς
912 1606 1007 1694 παρὰ
1039 1609 1242 1678 Μυλασεῦσι

81 1727 233 1807 τιμᾶται.
275 1722 316 1790 τό
343 1722 495 1808 θηλυκόν
522 1719 647 1808 Καρία.
692 1722 842 1790 ἐκαλεῖτο
873 1723 912 1790 δὲ
940 1724 997 1790 καί
1021 1720 1042 1812 ἡ
1072 1720 1240 1811 Μεγάρων

82 1837 268 1928 ἀκρόπολις
291 1837 425 1929 Καρία
448 1836 519 1907 ἀπὸ
542 1840 659 1928 Καρός
680 1844 741 1908 τοῦ
762 1835 954 1927 Φορωνέως,
977 1841 1034 1908 καὶ
1056 1837 1079 1908 ό
1097 1837 1239 1929 οἰκήτωρ

82 1956 225 2047 Κόριος.
260 1954 329 2025 ἔστι
351 1959 407 2025 καὶ
429 1957 568 2047 Καρίνη.
603 1956 753 2027 ἐστικαὶ
776 1957 958 2047 Καριότης.
992 1957 1063 2028 ἔστι
1085 1959 1143 2027 καί
1163 1965 1238 2027 Κα-

80 2083 201 2168 ριᾶτις,
224 2077 280 2162 καί
298 2075 406 2164 Καρίς
428 2073 499 2146 όπδ
520 2081 580 2166 τῆς
596 2075 713 2167 Καρός
734 2081 874 2167 γενικῆς.
914 2075 1024 2168 Καρίς
1045 2078 1084 2146 δὲ
1106 2074 1237 2163 ἐλέγετο
1251 2098 1276 2136 1⁵

82 2194 102 2286 ἡ
126 2179 215 2276 Κῶς,
232 2191 291 2275 ῶς
313 2187 519 2277 Ἑλλάνικος.
564 2194 713 2266 δ’στιίιαί
740 2194 886 2285 Φρυγίας
907 2191 1011 2277 πόλις
1030 2194 1160 2285 Καρίς
1182 2195 1239 2263 καί

82 2311 270 2401 Καρίδες.
314 2313 354 2381 τὸ
381 2314 520 2382 ἐθνικδν
537 2310 711 2405 ’Καριδεός
737 2310 785 2394 ὡς
807 2311 1001 2403 Ἀρκαδεός,
1023 2315 1063 2385 τό
1087 2311 1158 2384 ἀπὸ
1179 2317 1239 2402 τῆς

80 2434 192 2522 τέχνης
205 2431 364 2521 Καρίτης,
396 2439 463 2504 τῶν
482 2438 603 2522 Καρῶν
623 2434 662 2503 τό
685 2435 836 2522 νοητικὸν
851 2429 1013 2523 Καρικός.
1048 2429 1237 2520 Ἡρόδοτος

80 2551 115 2622 Ar
136 2549 252 2642 πρώτῃ
276 2553 340 2646 κτό
363 2552 512 2642 Καρικδν
534 2549 635 2630 ἔθνος
663 2548 931 2636 δοκίμώτατον”.

164 2668 362 2760 Καρικόν,
389 2669 495 2752 τόπος
505 2651 655 2752 ’,ίδισίζων
677 2667 711 2739 ἓν
732 2670 912 2760 Μέμφιδι,
940 2665 1027 2736 ἔνθα
1051 2669 1163 2755 Κᾶρες
1184 2662 1276 2734 οί-νυ

80 2787 258 2880 κη’σαντες,
292 2787 476 2878 ἐπιγαμίας
506 2789 592 2877 πρός
626 2783 812 2882 Μεμφίτας
844 2782 1085 2875 ποιησόμενοι,
1119 2790 1235 2878 Καρο-

77 2915 245 2998 μτμφῐται
267 2905 468 2999 ἐκλήθησαν.
796 2911 797 2914 ’

167 3027 347 3114 Καρικόν
368 3034 514 3111 τεῖχος,
538 3023 641 3105 πόλις
655 3020 792 3111 Λιβύης
812 3023 848 3092 ἐν
869 3021 1027 3113 ἀριστερᾷ
1045 3028 1111 3098 τῶν
1127 3018 1233 3111 Ἡρα·
1266 3005 1267 3010 ¹

79 3144 198 3215 κλείων
210 3148 347 3234 στηλῶν,
365 3139 564 3236 ὡς”Εφσρος
578 3144 726 3232 πέμπτη.
749 3142 788 3212 τό
802 3140 941 3212 ἐθνικδν
951 3139 1233 3232 Καρικοτειχίτης.

78 3348 280 3360 ...—
1314 3343 1333 3380 ρ,

79 3470 107 3523 1.
130 3460 164 3522 δέ
182 3483 221 3536 κρ
240 3458 297 3540 τὴν
315 3463 353 3520 R.
441 3457 474 3520 δὲ
495 3461 564 3519 add.
585 3459 659 3520 HR.
747 3465 780 3518 2.
800 3452 842 3528 ὡς
862 3459 931 3517 add.
951 3460 986 3516 R.
1075 3448 1097 3512 ι’
1118 3473 1174 3511 om.
1195 3453 1232 3509 V.

78 3561 109 3616 3.
128 3551 180 3616 διδ
202 3551 261 3631 τὴν
285 3550 498 3631 παραλληλίαν
517 3554 552 3612 R.
670 3558 697 3614 5.
708 3558 737 3611 6.
758 3546 929 3630 όμφιβολεῖ
945 3552 980 3621 V,
1009 3543 1130 3628 ιλμφίβο
1156 3535 1233 3602 αὐτό

79 3669 174 3730 φησιν
194 3651 229 3718 R,
255 3640 432 3727 ἀμφίβολον
456 3640 533 3705 αδτό
560 3665 655 3724 φησιν
679 3648 713 3702 A.
830 3648 857 3701 6.
866 3648 897 3702 7.
917 3640 950 3702 ἓν
969 3640 1003 3701 δὲ
1022 3642 1061 3721 τῇ
1082 3633 1234 3718 -φησίν

78 3761 135 3801 om.
154 3743 192 3800 R.
307 3745 336 3800 9.
357 3729 440 3816 όῖγον
464 3739 528 3808 RV,
558 3731 623 3797 ὅϊον
647 3741 686 3806 A,
711 3735 789 3812 quod
814 3736 915 3792 merito
940 3743 1087 3812 suspectat
1113 3731 1232 3789 Ahre'ns.

77 3835 156 3893 nial.
183 3855 213 3912 p.
235 3837 301 3892 106.
327 3823 411 3908 ὅιγον
435 3823 530 3889 autem'
555 3831 667 3890 Aeolon*
690 3829 817 3886 sortasse
847 3827 981 3884 dixerunt
1011 3845 1064 3903 pro
1089 3815 1172 3901 οίγον
1195 3823 1232 3878 ab

78 3923 160 4005 οίγω.
182 3945 218 3984 αα
244 3923 399 4002 legendum
424 3915 508 3981 όιτον
527 3925 545 3980 ἰ.
567 3941 593 3982 e.
614 3913 716 3982 σίτονλ
832 3923 879 3976 12.
899 3909 1058 3994 Μεγάρων
1077 3917 1142 3984 ΒΗ,
1166 3910 1233 3971 Με-

76 4015 180 4098 γάλων
199 4019 235 4087 V,
264 4009 381 4093 μεγάλη
408 4018 468 4084 AR,
498 4011 576 4090 μετὰ
597 4013 639 4073 Π.
666 4013 705 4070 cs.
725 4011 856 4068 Eustath.
878 4011 915 4068 ad
938 4012 1021 4067 Hom.
1041 4029 1072 4087 p.
1092 4011 1164 4075 367,
1184 4009 1232 4062 21.

78 4116 126 4172 13.
148 4104 321 4188 Φωρονίως
344 4110 382 4167 R.
500 4111 547 4166 16.
568 4103 670 4184 Καρίς
695 4105 764 4173 ΒΗ,
796 4097 905 4182 α’καρίς
931 4103 996 4171 ΑΒ,
1026 4095 1114 4178 ιίκρίς
1139 4101 1175 4157 V.

77 4209 127 4263 19.
147 4197 268 4281 πρώτη]
289 4221 316 4260 ο.
337 4205 402 4260 171.
423 4203 471 4262 ubi
492 4192 702 4277 λογιμώτατον
721 4197 825 4260 editur.
912 4201 1019 4254 21.22.
1039 4191 1235 4276 Καρικομεμ-

78 4299 167 4374 φῖται
186 4295 330 4363 Msslerus,
355 4303 386 4350 ut
411 4293 474 4351 libri
495 4294 601 4353 habent
622 4313 651 4372 ρ.
673 4295 744 4362 268,
765 4295 811 4349 10.
832 4292 880 4349 ubi
900 4286 1141 4364 Καρομεμηῖται
1161 4281 1198 4340 Β.

78 4391 128 4446 23.
140 4387 186 4445 24.
203 4381 384 4466 Ἡρακλίων
403 4386 438 4445 R.
