2888 5084
621 233 698 308 109

76 415 296 506 Ἀραιθυρέα.
324 411 463 494 τούτους
479 409 642 482 Φλιάσιοί
657 437 743 503 φασι
760 411 871 502 θήρας
885 412 1064 500 ἐμπείρους
1078 389 1240 501 γενέσθόιι

79 537 134 602 καί
156 535 199 602 τό
223 531 258 613 ἐς
280 531 430 618 πόλεμον
452 529 639 620 ἀνδρείους·
663 515 975 620 προαποθανούσης
996 533 1034 600 δὲ
1055 536 1114 620 τῆς
1136 529 1237 600 ἀδελ

78 658 146 742 φῆς
167 646 286 742 ’Ἀορις
313 653 347 732 ἐς
372 649 502 742 μνήμην
528 656 587 740 τῆς
615 647 767 742 ἀδελφῆς
795 651 854 740 τὴν
873 648 985 739 χώραν
1008 648 1113 732 οίπως
1135 647 1236 740 ἔφη’.

75 772 116 839 τό
139 771 280 840 ἐθνικόν
296 767 538 860 Ἀραιθυρεεός
560 770 616 837 καὶ
632 767 913 859 Ἀραιθυρέηθεν.

157 887 288 976 Ἀραί,
308 887 435 970 Ἰωνίας
456 893 553 978 νῆσοι
575 895 671 976 τρεῖς,
696 888 783 955 οὕτω
806 885 983 975 λεγόμεναι
1001 889 1059 958 διὰ
1076 888 1137 968 τὰς
1152 883 1262 975 ionga

77 1001 119 1087 όίς
133 1013 281 1095 Δωριεῖς
300 1004 506 1096 ἐποιήσαντο
528 1007 613 1096 πρός
628 1006 706 1088 τούς
722 1005 988 1088 Πενταπολίτας,
1011 1001 1058 1088 ὡς
1073 1003 1236 1094 Ἀριστεί-

78 1129 148 1214 όης.
185 1120 287 1194 όλλοι
310 1122 342 1210 δῖ
367 1119 488 1206 όλλως.
521 1124 560 1192 τό
583 1121 721 1193 ἐθνικὸν
737 1122 881 1213 Ἀραῖος.

159 1241 426 1335 Ἀρόκυνθος,
451 1236 530 1332 όρος
546 1241 722 1324 Βοιωτίας,
746 1239 804 1332 ἀφ’
830 1235 870 1312 οὗ
891 1241 911 1334 ἡ
929 1241 1060 1333 Ἀθηνᾶ
1079 1241 1235 1333 Ἀρακυν-

76 1363 174 1449 θεός,
197 1359 243 1446 ὥς
260 1361 389 1443 Ῥιανός
411 1362 445 1430 ἐν
460 1366 503 1452 τῇ
521 1357 620 1452 Φήμη
646 1360 773 1455 ακλῦθί
787 1387 848 1446 μοι
867 1359 993 1446 εὖχόιον
1009 1359 1236 1452 Ἀρακυνθιάς
1310 1413 1315 1426 .

76 1479 312 1571 εὖπατέρεια”.
344 1479 415 1552 ἔστι
428 1481 490 1570 γὰρ
502 1476 726 1568 Ἀρακόνθιος
739 1481 778 1548 τό
793 1481 934 1550 τοπικόν
950 1482 1006 1548 καὶ
1016 1477 1233 1565 Ἀρακυυθία.
1248 1510 1273 1549 ιο

160 1599 365 1689 Ἀραντία,
401 1594 690 1688 [Πελοποννήσου]
725 1594 841 1679 πόλις,
873 1595 893 1686 ἡ
929 1598 1065 1688 ὕστερον
1097 1603 1232 1681 Φλιοῢς,

77 1720 148 1792 ἀπό
169 1746 263 1800 τινος
275 1714 436 1808 ’Ἀραντος
458 1713 677 1802 αὐτόχθονος.
723 1713 757 1784 οἱ
777 1717 916 1786 πολῖται
931 1714 1130 1806 Ἀραντῖνοι.

155 1835 320 1927 Ἀραξα,
342 1835 442 1918 πόλις
464 1835 612 1918 Λυκίας,
636 1831 682 1917 ὥς
705 1833 926 1926 Ἀλέξανδρος
948 1837 982 1904 ἓν
1004 1813 1148 1928 όευτίρῳ
1169 1842 1236 1904 τῶν

76 1963 272 2027 Λυκιακῶν.
314 1957 354 2025 τό
382 1957 519 2026 ἐθνικόν
543 1952 710 2046 Ἀραξεῒς,
740 1952 787 2038 ὦς
808 1961 970 2044 Πιναρεῖς
990 1959 1235 2044 Λιμυρεῖς·καί

77 2085 139 2147 Μυ
159 2084 219 2159 εἷς.
1246 2104 1271 2142 ιι

139 2107 325 2310 ρ’Ἀρόξαι
353 2189 577 2284 ἢἈραξοι,
607 2193 708 2276 ἔθνος
733 2191 910 2287 Ἰλλυρίας,
941 2193 987 2279 ὡς
1015 2190 1233 2285 Ἀλέξανδρος
1349 2287 1361 2312 ι

77 2311 267 2402 Κορνήλιος
288 2313 324 2382 ἐν
344 2317 392 2402 τῷ
413 2315 576 2402 περὶτῶν
597 2312 675 2402 παρ’
693 2311 854 2400 Ἀλκμᾶνι
876 2322 1024 2397 τοπικῶς
1044 2315 1232 2406 εἰρημένων.

155 2429 342 2521 Ἀράξης,
381 2435 534 2519 ποταμός
565 2431 749 2524 Ἀρμενίας.
798 2436 854 2502 καί
889 2433 1089 2516 Θετταλίας·
1128 2434 1233 2516 οὕτως
1324 2423 1355 2502 λ’.
1400 2427 1402 2438 ’

76 2547 171 2642 γάρό
188 2554 336 2640 Πηνειός
351 2549 500 2624 ἐκαλεῖτο
523 2553 558 2622 ἐκ
580 2558 641 2622 τοῦ
663 2549 798 2642 όρόξαι.
830 2554 869 2622 τό
891 2551 1033 2623 τοπικόν
1057 2550 1233 2647 αἈροίξιον

74 2669 206 2759 όόιορ”.
1243 2704 1270 2743 νο
1346 2659 1387 2766 η’

155 2787 374 2882 Ἀρόφεια,
403 2795 502 2879 νῆσος
524 2790 667 2880 Καρίας.
711 2792 908 2881 Παρθένιος
934 2793 969 2860 ἓν
987 2789 1122 2882 Ἰφίκλῳ
1152 2794 1234 2885 ακαὶ

76 2907 224 2998 εἰναλίην
238 2905 462 3001 Ἀρόφειαν”.
496 2910 552 2980 καί
572 2909 612 2979 τό
634 2909 771 2980 ἐθνικόν
787 2906 965 3000 Ἀραφεός.

72 3193 100 3246 2.
122 3183 203 3246 κατὰ
224 3207 277 3265 pro
298 3182 408 3245 καὶτὰ
430 3189 465 3246 V.
557 3190 585 3246 4.
600 3183 848 3266 Ἀραιθυρέηθεν
867 3205 903 3246 ex
922 3189 1019 3265 Apoll.
1039 3189 1094 3246 Rh.
1118 3197 1142 3257 1,
1164 3195 1230 3249 115.

72 3287 101 3340 5.
118 3274 246 3355 Ἀρυιαί
264 3282 454 3338 Casanbonns
475 3283 512 3339 ad
533 3283 636 3341 Athen.
657 3287 674 3340 6
695 3302 725 3360 p.
742 3285 798 3338 262
815 3301 841 3338 e.
937 3273 1066 3353 Ἰωνίας]
1088 3282 1146 3339 lmo
1167 3282 1231 3340 Ka·

71 3371 153 3447 ριάς.
232 3376 325 3450 νῆσος
345 3366 374 3453 ι]
394 3375 430 3431 V.
510 3371 562 3432 «nn
582 3376 638 3451 τῆς
658 3369 737 3450 ἀρᾶς
756 3374 819 3434 RV.
898 3376 926 3432 8.
943 3364 1127 3448 Ἀρόκινθος
1146 3376 1209 3433 RV.

71 3472 99 3528 8.
112 3475 141 3527 9.
160 3460 369 3544 Ἀρακυνθαίς
387 3467 422 3534 Β,
441 3460 630 3544 Ἀρακυνθίν
649 3467 692 3538 Π,
712 3462 901 3544 Ἀρακυνθίς
920 3471 953 3534 Α,
967 3459 1147 3542 Ἀρακινθίς
1164 3469 1228 3526 RV.

71 3552 616 3636 1ου.ἈρακυνθίςῆἈρακυνθιός.
696 3566 742 3618 10.
761 3555 821 3638 γὰρ
843 3577 899 3616 ona.
913 3559 957 3620 V.
1030 3552 1231 3636 Ἀρακινθίας

70 3675 125 3734 pro
140 3647 336 3730 Ἀρακυνθία
356 3655 392 3712 R.
471 3646 692 3730 11.Ἀρόντεια
707 3673 769 3710 aa.
786 3651 910 3720 Φλιοῦς.
989 3647 1229 3730 Πελοποννήσου
1303 3717 1308 3730 Ι

69 3747 141 3804 add.
165 3746 202 3803 B.
338 3739 434 3824 ἧσαι.
456 3747 492 3804 R.
629 3749 676 3803 16.
695 3738 836 3818 Ἀρόξαι]
864 3747 947 3802 Hanc
966 3747 1123 3803 sectionem
1144 3747 1229 3824 vulgo

69 3859 135 3898 cnm
163 3839 352 3919 praecedenti
377 3840 558 3896 coniunctam
583 3841 619 3896 ab
646 3838 700 3896 irae
724 3840 866 3914 separavi.
1004 3831 1132 3914 Ἀραξοί
1154 3841 1230 3899 libri.

70 3945 151 3992 recte
173 3952 198 3990 ε.
219 3951 245 3989 ν.
266 3923 425 3988 Ἀσκάλων
445 3932 581 4009 scriptam
603 3940 646 3989 est
664 3923 803 4006 Ἄραξος.
830 3931 869 3989 es.
891 3932 994 3989 Arcad.
1015 3953 1045 4010 p.
1067 3936 1180 4000 66,11.
1202 3945 1231 3992 et

68 4025 201 4084 Laberii.
223 4025 321 4082 Parni
341 4043 370 4102 p.
391 4025 458 4082 104.
564 4029 610 4082 17.
630 4020 826 4095 minorandi.
926 4018 1106 4098 Ἀλκμόνιον
1126 4023 1229 4084 HRV.

70 4123 117 4176 18.
138 4111 287 4194 Ἀράξης]
307 4108 444 4191 Ἀραξις,
467 4135 538 4184 ειυς,
559 4117 700 4174 sorrnatur
720 4135 737 4172 a
757 4115 881 4190 Seymno
899 4117 964 4175 Per.
986 4121 1057 4176 869:
1083 4113 1119 4176 τὸ
1145 4111 1228 4194 ῥεῦμ’

64 4203 229 4286 Ἀρόξεονς,
251 4211 299 4266 nbi
320 4211 415 4288 possis
436 4227 507 4266 rane
526 4200 671 4283 Ἀράξεω,
694 4209 746 4268 sed
766 4201 898 4284 Ἀραξις,
920 4206 994 4278 νόος,
1021 4210 1125 4286 legitur
1144 4211 1229 4268 etiarn

68 4303 150 4382 apnd
177 4303 286 4360 Zonar.
308 4303 383 4359 Ηία.
405 4306 456 4368 18,
482 4305 529 4360 25.
649 4308 693 4360 111.
716 4293 829 4379 όρόξαι
854 4301 1027 4368 Salmasius,
1057 4295 1230 4377 όρόξαντος

68 4395 143 4452 iibri.
242 4397 290 4452 22.
313 4389 445 4468 εἰναλίην
464 4394 529 4464 RV,
550 4390 684 4451 εἰναλίαν
704 4397 737 4452 λ.
836 4391 887 4450 καὶ
908 4413 963 4452 ουν.
984 4395 1020 4451 R.
