2888 5084
761 379 835 450 146

221 566 254 636 oi
287 565 453 658 οἶκούντρς
486 561 670 634 Αίιλεῶται
705 560 790 649 πρὸς
823 564 889 626 τῶν
923 554 1109 647 ἐπιχωρίων
1143 551 1378 640 ὀνομάζονται.

221 691 286 755 τῶν
309 685 347 754 δέ
370 681 419 764 τίς
440 686 478 753 a}
500 677 559 750 σύν
582 679 671 750 ἔστιν
695 675 714 746 ὃ
738 679 796 746 διὰ
825 681 885 746 τοῦ
911 679 999 764 ιἰιῖηξ
1023 672 1144 754 τύπος,
1175 668 1247 742 ἀλλ’
1271 669 1380 742 έοικτν

223 802 269 887 ὡς
291 801 364 874 ἀπὸ
385 807 447 871 τοῦ
462 797 605 891 Ῥάφεια
621 793 827 886 Ῥαφιιιίτης
844 791 1043 885 Ῥαφεῶται.
1081 790 1164 861 εἰσίν
1182 789 1303 862 Αύλαί
1323 796 1382 862 καί

223 922 356 1004 Λυκίας
375 917 506 1012 χωρίον.
541 915 572 986 τί
593 914 625 986 (λ’
644 913 761 996 ἑνικῶς
780 914 911 1002 ἐλέγετο
926 909 1040 1001 Αύλή,
1062 905 1208 1001 ῶηιιιλεν
1223 910 1381 1002 Αύλίτης

198 1037 419 1132 ὀῆΑύλίτης.
452 1038 494 1106 τὰ
517 1037 579 1126 γὰρ
601 1032 671 1105 ἀπὸ
692 1041 758 1102 τῶν
781 1032 828 1115 είς
849 1035 869 1122 η
890 1027 1102 1116 δισυλλάβων
1123 1034 1281 1118 θηλυκῶν
1302 1028 1379 1114 ὀξυ·

223 1162 370 1246 νομένων
389 1159 451 1243 μέν
473 1156 531 1225 διὰ
553 1158 615 1222 τοῦ
633 1159 666 1233 ἓ,
691 1150 737 1234 ὡς
758 1152 797 1220 τύ
820 1150 976 1241 φυλέτης,
1004 1149 1237 1238 βαρυνομένων
1259 1151 1297 1219 δέ
1320 1151 1380 1219 διὰ

221 1285 282 1347 τοῦ
304 1281 338 1368 η,
368 1272 414 1356 ῶς
440 1269 592 1362 κωμητης
617 1269 772 1362 Σιδὴτης.
816 1270 1015 1339 ἐπιστατέον
1044 1270 1082 1340 τὸ
1113 1267 1278 1357 Καρνίτης
1307 1265 1379 1338 ἀπὸ

221 1404 281 1488 τῆς
303 1393 445 1486 Kome,
471 1387 518 1472 ὥς
539 1388 688 1479 ἐροῦμεν.

306 1509 441 1601 Atti,
470 1506 490 1598 ἡ
514 1497 655 1589 ἔπαυλις
679 1505 826 1602 αχραύση
848 1504 958 1591 μέντ’
986 1504 1089 1595 αύλῆς
1111 1501 1378 1594 ύπερυίλμενον”.

184 1665 210 1702 ω
222 1634 352 1722 λέγεται
375 1631 432 1700 καὶ
454 1623 560 1709 αύλις,
583 1629 640 1696 καί
660 1626 824 1697 σύνθετον
846 1623 1015 1706 δύσαυλις,
1039 1619 1215 1714 ὁοίιιὴτωρ
1231 1619 1378 1713 αὐλίτης,

223 1749 258 1822 αλ
281 1749 313 1820 δ’
332 1731 366 1819 έν
385 1756 457 1831 τοῖς
478 1746 593 1840 ύχροῖς
614 1743 761 1836 οἰκήσεις
781 1739 893 1827 αύλια,
917 1747 973 1813 καί
995 1741 1028 1812 ολ
1050 1739 1231 1812 ἀπύκοιτοι
1252 1741 1380 1812 τούτων

223 1869 402 1959 θύραυλοι.
446 1869 578 1958 λέγεται
609 1867 667 1934 καὶ
697 1858 815 1945 αύλιος
845 1862 864 1932 ὁ
892 1861 1049 1951 ἑσπέριος
1078 1859 1183 1953 ἆστὴρ
1214 1863 1308 1952 παρὰ
1338 1863 1378 1932 τὰ

223 1997 334 2060 ποιεῖν
362 1985 451 2078 ἡμᾶς
481 1983 694 2068 αὐλίζεσθαι.
738 1984 794 2068 καί
824 1978 943 2051 αίίλισν
973 1975 1092 2071 ύίντρσν
1121 1983 1214 2073 παρὰ
1242 1981 1282 2050 τὸ
1312 1983 1381 2050 ixei

220 2107 378 2195 χορεύειν,
395 2102 441 2189 ὡς
451 2099 681 2183 Ἀπολλώνιος
699 2101 838 2196 αστῆσαί
851 2096 1164 2190 τεχορούςίίντροιο
1176 2097 1378 2192 πύροιθεν”.

222 2399 249 2448 2.
271 2391 333 2448 τῶν
353 2385 386 2448 δέ
405 2385 447 2456 είς
467 2391 498 2447 αἱ
519 2389 554 2456 Χ,
574 2387 636 2444 τῶν
657 2381 690 2443 (λέ
710 2377 785 2444 είναι
805 2388 866 2456 AV,
887 2384 922 2446 τὸ
943 2384 977 2445 δέ
997 2377 1072 2444 είναι
1092 2387 1128 2445 R.
1212 2389 1241 2445 3.
1252 2388 1281 2445 4.
1302 2382 1379 2444 είσλν

222 2475 331 2540 Αύλαί
347 2478 398 2540 καί
417 2477 545 2549 Λυκίας
559 2475 689 2558 χωρίον]
717 2481 846 2538 Haecin
867 2479 951 2538 finem
972 2481 1114 2537 tmematis
1135 2479 1281 2538 reicienda
1302 2488 1377 2538 sunt.

222 2579 250 2635 4.
271 2568 364 2652 Αύλή
385 2565 419 2650 [ἢ
439 2564 567 2649 Αύλη]“ί
655 2577 683 2632 5.
697 2567 850 2648 Αύλείτης
869 2593 923 2653 pro
942 2565 1083 2648 Αύλίτης
1102 2573 1138 2632 R.
1222 2578 1250 2632 5.
1263 2577 1290 2631 6.
1312 2565 1378 2642 ὀξυ-

222 2661 356 2742 νομίνων
381 2676 411 2726 et
434 2684 501 2724 mox
523 2662 744 2742 βαρυνομένων
762 2667 808 2734 Μ,
835 2658 1002 2740 ὀξυνύμενα
1028 2675 1057 2724 et
1079 2657 1276 2744 βαρυνόμενα
1301 2667 1376 2724 libri.

223 2760 260 2818 cf.
276 2780 300 2817 s.
312 2779 338 2818 v.
350 2756 439 2837 Σίιλη.
517 2762 546 2816 7.
558 2753 738 2816 ἐπιστατέον
752 2760 770 2816 i.
782 2778 808 2816 e.
824 2752 1018 2834 σημειωτέον,
1040 2760 1118 2834 quod
1138 2778 1240 2816 moneo
1256 2768 1377 2838 propter

222 2871 370 2910 erroneam
389 2852 656 2930 interpretationem
676 2851 712 2908 B.
791 2848 961 2928 Καρνίτης]
984 2851 1047 2907 Ηοα
1067 2854 1172 2910 rectius
1194 2853 1232 2909 ad
1252 2845 1378 2927 Κύρνος

221 2945 355 3003 refertur.
376 2944 416 3002 of.
436 2964 462 3002 r.
484 2963 508 3002 r.
529 2936 649 3020 Κύρνη.
740 2951 768 3002 9.
784 2935 923 3022 χραύσῃ]
945 2944 1029 3000 Hom.
1050 2944 1083 3001 ll.
1105 2949 1133 3011 5,
1155 2948 1223 3003 138.
1245 2936 1376 3022 χραύσει

221 3055 295 3110 libri.
374 3057 421 3110 10.
443 3045 569 3127 αὐλίτης
587 3053 648 3122 AV,
669 3017 803 3128 αύλύτης
821 3054 858 3112 R.
884 3055 983 3112 vitione
1003 3055 1070 3111 item
1093 3054 1253 3128 Hesychius
1271 3045 1376 3130 Αὐλή-

221 3161 291 3220 τηνι
311 3137 366 3202 τὸν
379 3142 436 3217 τῆς
450 3135 567 3220 κόπρου
580 3137 816 3219 ἐπιμελούμενον
829 3147 891 3203 τῶν
901 3139 1077 3224 προβάτων.
1094 3149 1179 3205 scrib.
1191 3139 1327 3222 avilinam
1348 3146 1377 3202 in

223 3236 377 3316 Sophoclis
397 3235 500 3311 fragm.
514 3235 581 3294 445.
602 3232 675 3312 πρίν
692 3229 748 3294 τιν’
771 3231 913 3313 αύλητῶν
931 3232 1008 3317 ὁρᾶν
1027 3250 1106 3298 reete
1124 3240 1274 3298 notkerus
1295 3233 1376 3297 αύλι-

220 3330 291 3387 τῶν.
313 3327 415 3388 eodem
435 3347 522 3386 sensu
544 3323 702 3406 αύλιστρίς
722 3329 793 3388 dixit
811 3332 938 3391 Τίασαν.
960 3337 988 3401 2,
1009 3334 1074 3391 146.
1094 3325 1198 3410 μα’τηρ
1218 3331 1275 3399 τῶς
1294 3324 1378 3405 ιλμᾶς

223 3417 433 3499 αύλιστρίύυς,
460 3423 508 3478 ubi
528 3423 628 3500 inepte
649 3421 744 3479 editur
763 3416 961 3501 αὐλητρίδος,
988 3425 1065 3502 quod
1087 3420 1284 3500 αύλιστρίιλος
1303 3427 1375 3482 scri-

222 3516 345 3573 bendum
366 3533 431 3572 esse
452 3513 523 3571 vidit
535 3515 725 3583 Hermannus,
746 3516 799 3574 sed
814 3535 871 3574 non
886 3528 964 3577 recte
978 3521 1183 3595 interpretatur
1198 3517 1235 3574 de
1250 3536 1285 3575 ea
1300 3537 1375 3594 qnae

223 3610 251 3664 in
272 3607 375 3665 eadem
395 3606 481 3664 domo
501 3607 620 3664 habitat.
641 3607 743 3666 eadem
764 3609 858 3666 forma
878 3609 1055 3672 restituenda
1073 3610 1151 3688 apud
1167 3609 1271 3669 Aroad.
1286 3633 1316 3690 p.
1328 3617 1376 3681 35,

222 3703 270 3756 22.
298 3700 346 3756 nbi
368 3690 535 3777 αύληστρίς
555 3699 672 3775 legitur,
694 3720 750 3777 qao
770 3703 916 3760 tibicinam
937 3704 1029 3760 notari
1049 3703 1230 3762 existimabat
1248 3704 1375 3763 Lobeclt.

222 3791 319 3849 Paral.
338 3809 369 3868 p.
389 3790 457 3849 451.
576 3799 622 3852 11.
644 3785 736 3850 αύλια
755 3794 795 3862 Μ,
817 3785 922 3852 αύλεια
943 3794 986 3852 vel
1008 3789 1125 3853 αύλεΐαι
1145 3796 1199 3874 Pp,
1220 3787 1320 3854 αύλιοι
1340 3799 1375 3866 R,

222 3875 358 3940 αὖλειοια
372 3882 409 3951 V,
429 3874 543 3941 αύλεισι
561 3887 594 3942 A.
673 3878 830 3945 ιλπύκοιτσι
850 3888 886 3955 B,
906 3877 1027 3945 ἄποικοι
1048 3889 1122 3946 libri.
1203 3893 1248 3947 12.
1271 3884 1377 3959 αύλισς

221 3968 335 4050 ἀστὴρ]
358 3975 472 4034 Callim.
493 3975 530 4034 sr.
551 3977 618 4037 465.
697 3980 744 4036 14.
760 3972 911 4055 χορεύειν]
932 3979 973 4036 Vt
993 3983 1147 4038 innumeris
1167 3981 1249 4051 loris,
1269 3983 1308 4040 ita
1328 3983 1376 4041 hio

222 4087 338 4144 quoque
360 4069 456 4126 omnia
480 4073 617 4147 pervertit
641 4073 822 4150 epitomator.
853 4073 1019 4152 Stephanus
1046 4073 1170 4130 dubitari
1196 4094 1254 4131 non
1280 4085 1376 4152 potest

222 4161 289 4235 quin
315 4159 428 4216 Aulium
455 4171 565 4218 antmm
596 4155 657 4221 ιίπίι
687 4163 744 4221 τού
769 4157 949 4236 αὐλίζεσθαι
974 4163 1007 4223 έν
1031 4159 1117 4246 αὐτῷ
1142 4161 1196 4224 τὸν
1219 4162 1376 4225 Διόνυσον

221 4252 398 4330 appellatum
423 4269 489 4310 esse
515 4253 632 4326 dixerit3
661 4252 697 4315 τὸ
724 4249 863 4333 χορεύειν
892 4268 987 4316 antem
1015 4268 1127 4336 spectat
1154 4259 1192 4315 ad
1218 4257 1374 4318 Calliclrori

220 4343 343 4400 fluminio
368 4343 595 4418 originationem.
622 4367 648 4406 v.
669 4349 765 4426 Apoll.
786 4351 840 4406 Rb.
862 4354 894 4416 2,
919 4355 977 4410 907
997 4361 1026 4408 et
1044 4357 1110 4410 910.
1161 4351 1164 4356 ’
1246 4347 1374 4427 στήσετε

215 4430 332 4512 χορούς
358 4430 499 4511 (χοίρους
524 4437 568 4512 ll)
596 4434 739 4514 ιίντρίους
765 4442 829 4507 AR,
857 4458 1002 4516 στησεται
1023 4439 1147 4520 χωρούς
1173 4437 1308 4522 ιίντροιοι
1335 4446 1372 4502 V.

220 4536 403 4584 correxerunt
424 4546 459 4585 ex
484 4529 648 4605 Apollonio.
