2866 5092
783 306 832 379 κο

225 481 374 564 Ἀδανίς,
404 478 450 562 ὡς
475 488 536 551 τοῦ
562 482 711 572 Ταρσεύς
735 487 774 552 τὸ
802 484 940 574 Ταρσίς,
970 483 1041 554 ἔδει
1068 479 1329 566 συνοξύνεσδαι,
1357 482 1388 553 εί

229 603 275 690 μη
299 599 368 670 κατ’
391 599 544 682 Αἰολέας
565 601 759 690 βαρύνεται,
788 603 871 692 ὅπερ
903 604 962 672 ἐπί
987 609 1048 672 τοῦ
1071 601 1220 692 Θηβανις
1247 594 1386 692 εἴρηκεν,

231 715 266 788 τί
289 745 326 809 με
356 719 442 801 όλως
469 722 557 790 ἐστίν
587 719 733 790 λθνικόν.
778 721 849 791 ἔστι
883 724 940 792 καί
967 722 1059 810 τρίτη
1089 719 1191 804 πόλις
1221 722 1308 812 πρὸς
1340 727 1387 809 τῷ

230 835 403 929 Εύφράτη.
446 841 485 908 τό
508 841 645 910 ε’δνικόν
667 847 823 930 Περσικῷ
846 839 922 909 ἔδει
938 837 1130 930 Ἀδανηνός.

203 977 216 1015 ⁶
310 956 625 1043 Ἀδαρσύπολις,
653 958 756 1041 πόλις
779 957 944 1049 Περσική,
977 956 1023 1040 ώς
1043 960 1244 1048 Μαρκιανὸς
1266 959 1302 1027 ἐν
1324 985 1387 1027 πε-

228 1076 338 1166 ρίπλῳ
359 1081 419 1144 τοῦ
440 1083 611 1165 Περσικοῦ
633 1076 773 1147 κόλπου.
819 1075 837 1145 ό
866 1077 1006 1165 πολίτης
1026 1074 1308 1166 Ἀδαροπολίτης,
1339 1073 1387 1157 ώς

224 1194 468 1283 Ἡλιοπολίτης
478 1193 801 1286 Ἡφαιστοπολίιης,
823 1199 871 1284 τῷ
891 1202 1028 1286 τεχνικῷ
1049 1194 1148 1286 λόγῳ,
1172 1195 1203 1266 εί
1223 1198 1269 1286 μη
1287 1193 1385 1285 ὀφεί-

226 1311 281 1382 λει
309 1320 356 1402 τῷ
379 1321 535 1404 Περσικῷ
562 1312 673 1404 τύπφ,
702 1310 749 1394 ώς
777 1313 1001 1403 Καμβυσηνός
1022 1314 1185 1407 Σωφηνός
1207 1323 1385 1405 Παραιτα·

226 1430 337 1522 σηκός.
381 1431 453 1501 ἔστι
482 1435 520 1504 δὲ
547 1436 605 1502 καί
624 1429 754 1521 Ἀδαρα
783 1431 986 1522 οὐδετέρως,
1010 1433 1103 1524 ιιώμη
1124 1433 1252 1524 μεγάλη
1273 1432 1385 1522 τρίτης

188 1579 217 1618 Ἰιο
229 1551 459 1642 Παλαιστίνης
471 1553 596 1638 μεταξύ
611 1549 855 1643 Χαρακμώβιυν
870 1554 927 1620 καί
942 1549 1184 1643 Ἀρεοπόλειυς,
1205 1552 1290 1633 ἴσως
1311 1549 1382 1619 άπδ

227 1679 287 1762 τῆς
301 1669 470 1762 Περσίδος
491 1674 655 1761 κληθεῖσα
672 1669 815 1752 πόλεως.
848 1671 905 1741 καί
926 1673 988 1760 γάρ
1011 1670 1100 1762 φυλή
1122 1699 1175 1753 τις
1195 1672 1230 1740 δν
1245 1679 1383 1759 Χαρακ-

225 1789 356 1879 μώβοις
377 1787 601 1876 Βαβυλώνιοι.
635 1797 701 1860 τῶν
724 1793 762 1862 δὲ
778 1789 930 1880 Ἀδάριυν
950 1791 990 1861 ιδ
1012 1791 1150 1859 ἐδνινιδν
1166 1786 1362 1879 Ἀδαρηνός.

305 1908 516 1999 Ἀδέρκων,
555 1905 657 1991 πόλις
683 1908 839 2000 Ἰβηρίας,
871 1906 917 1990 ώς
941 1907 1123 1979 Ἀσκάλων.
1173 1907 1213 1976 τό
1245 1902 1382 1975 ἐδνικόν

221 2025 467 2116 Ἀδερκιυνίτης,
492 2025 538 2108 ιδς
553 2026 805 2117 Ἀόκαλωνίτης.

189 2175 213 2214 ιε
306 2143 540 2234 Ἀδιαβηνῷ,
572 2143 665 2236 χώρα
696 2147 782 2234 μέση
814 2151 880 2214 τών
915 2152 1076 2232 ποταμῶν
1108 2143 1289 2237 Εὐφράτου
1324 2141 1380 2208 καί

230 2268 401 2356 Τίγριδος,
430 2264 453 2352 ἥ
478 2291 530 2346 τις
556 2266 613 2332 καί
640 2261 781 2353 Μεσόνη
810 2261 997 2350 ώνόμαστο.
1041 2267 1081 2334 τό
1109 2265 1246 2336 ε’θνικδν
1263 2259 1379 2330 Ἀδια-

223 2383 334 2475 βηνός.

300 2499 506 2585 Ἀδουλις,
537 2500 639 2584 πόλις
660 2499 862 2572 Αἰθιόπων.
907 2499 940 2570 σί
962 2505 1001 2572 δὲ
1015 2504 1132 2584 Πανός
1153 2507 1254 2593 νῆσον
1276 2500 1379 2589 αὐτην

222 2625 390 2691 καλοῦσιν.
428 2622 483 2692 καί
502 2618 611 2707 τάμού
632 2621 749 2708 βιβλία
762 2615 902 2690 ’Ἀδουλι
925 2621 1001 2706 δίχα
1022 2625 1082 2691 τού
1103 2626 1138 2691 ό.
1175 2620 1318 2710 σφάλμα
1340 2621 1378 2688 δέ

185 2765 211 2803 ²0
224 2740 324 2814 ἔστιν.
359 2735 519 2822 ’Ἀδουλις
540 2742 601 2832 γάρ
625 2737 772 2831 ὀφείλει,
801 2735 847 2821 ώς
865 2737 1076 2830 Ἡρωδιανὸς
1104 2737 1139 2810 ἐν
1164 2746 1236 2821 τοῖς
1257 2739 1306 2821 είς
1326 2728 1378 2820 {a}

221 2867 269 2951 τῷ
289 2875 371 2928 ὦ...
395 2859 697 2949 παραληγομίνοις.
733 2855 751 2928 ὁ
775 2859 915 2949 πολίτης
931 2857 1134 2948 Ἀδυυλίτης,
1158 2856 1205 2942 ώς
1220 2855 1374 2944 Ἀξουμί-

220 3006 287 3068 της.
309 2979 366 3046 καί
383 2974 613 3057 Ἀδουλιτικός
633 2979 673 3046 τὰ
695 2976 857 3066 κτητικύν.

219 3181 419 3192 -ι--ι--ι-ψ-

217 3312 247 3378 1.
262 3299 385 3374 Ἀδανίς
398 3306 420 3364 Ι.
433 3307 466 3364 F.
480 3309 653 3379 Gronovius,
667 3304 805 3378 Ἀδανεῖς
824 3310 898 3368 libri.
991 3306 1109 3387 Ταρσίς
1123 3309 1143 3369 Ι.
1156 3310 1188 3368 F.
1202 3311 1374 3378 Gronovius,

223 3397 355 3472 Ταρσεῖς
376 3399 449 3456 libri.
547 3403 575 3456 3.
596 3399 646 3458 καί
666 3395 730 3459 ἐστι
751 3399 795 3459 Π.
892 3396 969 3480 πρὸς
989 3398 1024 3463 τὸ
1045 3405 1080 3461 R.
1179 3407 1206 3462 5.
1228 3397 1373 3484 Ἀδαρού·

219 3491 305 3558 πολις
325 3491 361 3558 R,
374 3482 509 3566 Ἀδάρου
530 3484 617 3562 πόλις
636 3498 669 3562 Α,
683 3487 818 3572 Ἀδάρου
839 3488 956 3564 πόλεως
975 3497 1011 3554 V.
1099 3499 1128 3556 7.
1149 3502 1177 3555 8.
1202 3491 1315 3575 ὀφείλει
1336 3497 1373 3568 R,

216 3577 323 3664 ὀφείλῃ
339 3580 374 3639 Π
380 3581 416 3648 V,
436 3575 551 3660 ὀφείλει
564 3585 598 3642 Αἰ
677 3593 705 3648 9.
720 3583 825 3666 τρίτης
840 3587 902 3657 RV,
921 3585 1009 3667 τρίτη
1025 3591 1057 3647 Α.
1138 3593 1184 3647 11.
1199 3594 1245 3648 12.
1261 3583 1372 3666 ιίχαρκ-

215 3666 333 3749 μώβοις
352 3676 388 3732 R.
470 3679 516 3732 12.
537 3670 732 3752 Βαβυλώνιοι
746 3682 808 3750 RV,
828 3673 1030 3755 Βαβυλώνιος
1049 3682 1104 3760 Pp,
1124 3679 1315 3758 Βαβυλῶνος
1328 3681 1372 3751 Π,

216 3763 428 3841 Βαβυλωνίων
446 3771 480 3824 Α.
564 3773 611 3827 16.
632 3763 786 3848 Μεσσήνη
808 3775 843 3833 R.
930 3780 976 3834 19.
998 3768 1099 3849 τάμού
1120 3775 1156 3843 V,
1176 3776 1257 3850 ταμ”
1276 3777 1312 3845 R.
1333 3771 1372 3835 τὰ

214 3859 324 3934 μυσῶν
343 3863 377 3917 Α.
494 3859 606 3942 21.·τῷ
627 3861 651 3920 ὦ
671 3864 749 3934 libri,
775 3868 830 3923 nisi
856 3867 934 3942 quod
953 3862 1032 3943 μίγα
1053 3860 1203 3946 (μεγάλην)
1225 3867 1371 3942 additss,

215 3951 259 4032 τῷ
279 3954 316 4010 ο“ὐ
331 3952 500 4012 Salmasius.
523 3953 645 4011 indicavi
662 3957 808 4030 lacuna1n3
829 3959 935 4016 excidit
952 3970 1000 4016 aut
1014 3949 1033 4034 ἢ
1048 3959 1084 4016 οἶν
1101 3969 1149 4016 aut
1163 3949 1181 4035 ἢ
1197 3955 1371 4044 διφθόγγῳ.

215 4061 355 4120 Arcadius
380 4082 411 4139 p.
432 4067 485 4131 31,
504 4064 551 4122 24.
578 4059 617 4122 τὰ
643 4062 685 4132 εἰς
708 4051 757 4134 {t}
780 4061 953 4152 παρώνυμα
973 4063 1008 4130 τδ
1030 4068 1101 4146 (τῷ)
1123 4066 1148 4128 ὧ
1167 4060 1186 4145 ἢ
1207 4065 1371 4152 διφθόγγῷ

213 4146 451 4230 παροληγόμενα
471 4150 619 4224 ὀξύνεται,
647 4155 814 4228 Πακτιυλίς
833 4156 970 4229 Αίτωλίς
987 4155 1103 4230 ’ίουλίς
1135 4157 1170 4220 τὸ
1192 4155 1317 4240 ἄγουλις
1337 4163 1369 4238 (l.

207 4238 359 4320 Ἀδουλις)
381 4241 645 4326 προπαροξύνεται
670 4249 721 4308 καί
747 4249 781 4311 τό
807 4246 988 4330 ιίρτόπωλις.
1106 4251 1371 4331 παραληγομίνσις

212 4337 399 4458 δολιοιςιίνειδυε,
420 4337 682 4418 παραληφομίνων
701 4346 735 4414 R,
756 4340 993 4426 παραληγόμενα
1014 4347 1075 4404 AV.
1180 4352 1228 4405 22.
1249 4341 1368 4406 ιῖδουλι-

212 4467 304 4515 τικιυς
322 4452 358 4509 R.
