2880 5078
623 187 678 297 ω’

135 403 358 484 Ἀλόαττα,
379 403 502 494 χωρίον
518 405 694 487 Βιίλννίας,
719 401 789 472 ἀπό
803 403 987 475 Ἀλυάττου
1003 405 1227 497 κρατήσαντος

57 527 113 592 τόν
135 522 260 594 τόπον.
307 521 326 590 ὁ
350 520 492 612 οἰκήτωρ
515 521 744 612 Ἀλυαττηνός.

138 640 328 728 Ἀλόβας.
362 647 482 710 τοῦτον
503 640 535 710 ολ
554 642 616 728 μὲν
630 641 874 714 Μεταπόντιον
896 639 1043 732 ἤκουσαν
1063 647 1123 733 τῆς
1139 641 1224 713 Ἰτα-

58 761 148 844 λίας,
180 763 274 844 τινὲς
295 763 335 831 δὲ
359 759 490 852 Θρᾴκης
511 759 629 845 πόλιν,
652 758 699 844 ὥς
712 762 867 853 Ὅμηρος.
911 763 951 832 τό
972 764 1109 834 δθνικὸν
1126 760 1226 834 Ἀλυ-

58 881 209 966 βδντιος.
1237 907 1250 944 ⁵

138 997 303 1090 Ἀλόβη.
342 997 514 1094 «τηλόθεν
535 999 572 1080 ἐξ
587 996 745 1087 Ἀλύβης,
770 997 854 1066 ὅθεν
876 997 1019 1088 ἀργύρου
1041 1001 1112 1070 ἐστὶ
1133 1005 1223 1090 γενέ-

61 1117 166 1207 biff-
203 1119 301 1208 παρὰ
322 1117 444 1207 ταύτην
459 1119 575 1188 ἐλθεῖν
585 1115 661 1187 Ῥέα
677 1119 808 1206 λέγεται
823 1117 894 1187 Δία
911 1121 1062 1210 φέρουσα
1079 1120 1223 1210 νεογνόν.

61 1237 90 1306 οἱ
118 1235 246 1326 ταύτην
274 1235 440 1318 οἰκοῦντες
460 1232 615 1322 Ἅλυβες,
644 1234 719 1307 ἀντὶ
746 1242 814 1305 τῶν
842 1234 1022 1327 ἀργυρείων
1051 1237 1225 1323 μετάλλων

61 1362 182 1447 σιδηρᾶ
200 1355 342 1439 ἔχοντες.
373 1353 407 1423 ολ
423 1362 480 1424 νῦν
495 1359 676 1440 Χαλδαῖοι,
700 1353 746 1439 ὡς
760 1354 930 1446 Στράβων.
962 1355 1034 1426 ibn
1051 1359 1108 1426 καί
1123 1356 1223 1429 Ἀλυ-

62 1474 141 1563 βιός
176 1476 236 1544 καὶ
263 1471 428 1562 Ἅλυβηίς.
471 1473 652 1566 Εὐφορίων
683 1474 719 1545 ἐν
744 1473 857 1564 Ἅραῖς
890 1472 912 1564 ἢ
944 1481 1221 1569 Ποτηριοκλὲπτη
1236 1509 1261 1548 ω

66 1595 183 1690 αὅστις
204 1595 270 1680 μεδ
292 1596 429 1681 κελέβην
451 1590 633 1684 ’Λλυβηίδα
655 1601 777 1680 μοῦνος
800 1591 958 1684 ἆπηόρα”
989 1598 1147 1666 τουτέστι.
1161 1598 1221 1686 την

64 1715 222 1806 ἀργυρᾶν,
252 1713 311 1782 διδ
338 1713 381 1780 τὰ
407 1713 567 1796 μέταλλα.
606 1711 801 1795 Ἑλλάνικος
830 1715 868 1784 δέ
891 1735 975 1804 φησι
997 1711 1113 1802 λίμνην
1135 1711 1224 1784 εἶναι

65 1831 243 1923 Ποντικήν.
278 1832 318 1902 τδ
341 1830 479 1902 ἐθνικόν
496 1829 684 1920 Ἀλυβαῖος.

141 1949 346 2035 Ἀλόζειο,
375 1948 478 2034 πόλις
501 1949 732 2042 Ἀκαρνανίας,
760 1950 832 2021 ἀπὸ
852 1957 913 2021 τοῦ
935 1953 1062 2035 παιδός
1080 1949 1223 2044 Ἰκαρίου

64 2078 228 2162 κληθεῖσα
243 2068 397 2154 Ἀλόζου.
440 2072 480 2141 τὸ
502 2073 639 2142 δβνικδν
656 2069 811 2156 Ἀλυζιός
833 2072 890 2140 καλ
906 2068 1092 2156 Ἀλυζαῖος.
1235 2101 1259 2140 ιι

136 2187 325 2272 munos,
349 2187 452 2271 πόλις
473 2191 749 2282 Πελοποννήσου.
786 2187 857 2286 αεἷς
873 2187 1006 2280 Ἀσίνην
1020 2186 1162 2263 ’Άλυκόν
1183 2220 1220 2263 τε

64 2315 118 2380 καὶ
138 2309 187 2397 ἂμ
208 2307 314 2380 πόλιν
325 2306 551 2399 Ἓρμιονήων”
575 2311 803 2396 Καλλίμαχος.
842 2310 881 2378 τό
901 2311 1038 2382 ἐθνικόν
1054 2311 1219 2396 Ἀλόκιος.

141 2428 183 2499 'A
188 2427 328 2518 λόχμη,
420 2428 454 2497 δν
470 2418 494 2519 ᾗ
508 2433 646 2514 τιμᾶται
662 2425 839 2514 Ἀλόγμιος
850 2424 982 2520 Ἑρμῆς.
1016 2431 1055 2500 τὸ
1072 2431 1219 2518 λδνικόν,

67 2547 109 2632 ὡς
128 2556 191 2620 τοῦ
213 2546 322 2636 Βοίβη
345 2544 485 2633 Βαίβιος
507 2545 605 2637 Ἀκτή
622 2543 767 2630 Ἄττιος,
792 2549 897 2627 οίίτως
919 2551 976 2618 καί
992 2548 1178 2636 Ἀλύχμιος.

142 2667 328 2749 Ἀλώιον,
351 2664 455 2748 πόλις
470 2666 659 2749 Θεσσαλίας
680 2667 819 2736 ἐπὶτῶν
838 2669 1010 2752 Τέμπεων,
1033 2661 1074 2758 ἢν
1089 2668 1220 2741 ἔκτισαν
1232 2700 1260 2740 ω

67 2903 262 2918 *-

69 3079 92 3132 2.
111 3075 167 3132 τοῦ
186 3051 283 3133 τόπολ
302 3073 338 3131 R.
422 3075 450 3131 4.
465 3065 581 3141 πόλεως
594 3073 630 3130 V.
717 3065 758 3140 ὡς
772 3063 908 3151 Ὅμηρος
922 3073 995 3146 (οδ.
1006 3078 1054 3146 21,
1065 3083 1136 3153 303)
1151 3079 1219 3138 add.

69 3165 171 3244 PpRV.
280 3169 309 3224 6.
330 3162 475 3240 τηλόθεν]
497 3167 581 3224 Hom.
602 3167 635 3224 ΙΙ.
655 3171 683 3235 2,
702 3169 769 3226 857.
877 3155 953 3223 ὅθεν
973 3169 1125 3238 Homerus,
1147 3163 1218 3230 ὥστ’

69 3261 125 3330 bv,
148 3251 199 3320 δ’δ’
223 3265 257 3318 A.
375 3263 403 3317 7.
423 3253 492 3316 Ῥέα
512 3255 628 3336 λέγεται
647 3255 712 3317 Δία
733 3254 873 3337 φέρουσα
899 3259 1075 3328 Salmasius,
1101 3256 1170 3319 Ῥία
1189 3283 1220 3321 τε

69 3349 125 3410 Δία
152 3348 295 3432 σίρουσα
321 3353 358 3421 V,
381 3346 450 3408 Ῥίιι
475 3352 505 3409 λε
525 3349 591 3410 Δία
612 3348 753 3432 φίρουσα
778 3353 826 3422 1¹³,
850 3347 919 3410 Ῥία
941 3347 975 3409 δὲ
993 3348 1059 3410 Δία
1080 3349 1220 3432 φέρουσα

68 3443 110 3515 Pb,
134 3441 205 3503 ‘Pla
230 3441 285 3504 τὸν
304 3441 370 3504 Δία
391 3440 549 3523 ιγίρουσαν
572 3445 612 3514 Β,
637 3441 705 3503 ‘Pia
731 3465 762 3502 τε
782 3441 848 3502 Διά
869 3441 1027 3524 ηίρουσαν
1052 3449 1085 3504 A.
1120 3511 1123 3514 ,

67 3545 89 3596 9.
109 3537 270 3596 Χαλδαῖοι
292 3559 309 3597 ε
329 3539 472 3596 Strabone
494 3543 530 3595 12
550 3559 579 3616 p.
597 3541 654 3599 549
675 3551 844 3608 correctum,
864 3538 1001 3596 Χαλαῖοι
1022 3539 1096 3608 libri,
1116 3535 1220 3600 Χαλδ-

65 3631 113 3702 βαι
139 3633 182 3702 Η,
208 3625 335 3690 Χάλδοι
361 3631 401 3699 Β,
427 3629 550 3689 eandem
571 3633 776 3690 correctionem
796 3632 932 3689 Straboni
954 3632 1105 3690 adhibens.

67 3729 104 3780 10.
117 3719 349 3803 ποτιροκλίπτῃ
369 3725 405 3782 Β.
484 3727 531 3782 11.
546 3743 604 3797 μευ
625 3726 660 3792 R,
679 3720 736 3798 μίν
751 3725 812 3781 AV.
891 3721 1017 3799 κελίβην
1034 3725 1089 3804 Pp,
1110 3724 1221 3804 κίλβην

64 3815 119 3884 AV,
138 3815 254 3892 κίλιιην
273 3823 308 3874 A.
388 3809 512 3894 διιοόρα
532 3818 569 3875 X.
654 3819 701 3876 13.
724 3809 1000 3890 [καί]Ἀλυβαῖοςλ
1084 3821 1129 3878 14.
1147 3815 1221 3880 Ἰκα-

62 3906 123 3984 ριόυ
141 3911 185 3979 Μ,
205 3901 329 3985 ’ίιιιίρου
351 3908 459 3986 iibri„
503 3913 551 3968 15.
565 3903 713 3984 Ἀλυζίως
733 3929 786 3986 pro
799 3901 926 3980 Ἀλόζου
942 3909 977 3968 Β.
1050 3905 1221 3987 Ἀλυζαῖος]

60 4003 151 4062 Malim
166 3996 334 4074 Ἀλόζεως,
358 3999 437 4077 quod
457 4001 546 4060 habes
568 4003 646 4081 apud
668 4003 796 4061 Boeckh.
817 4004 859 4058 tit.
875 4005 959 4062 1793.
1040 3986 1222 4084 17.“Ἕρμιο·

59 4115 123 4174 κίων
143 4127 217 4175 ame
232 4113 270 4171 Β.
354 4115 401 4170 18.
417 4089 549 4185 'stabii
569 4113 604 4181 Β,
619 4093 751 4187 Ἆλδχαν
772 4113 807 4180 V,
821 4104 954 4188 Ἀλόμνη
971 4105 1071 4186 [πόλις
1089 4107 1223 4191 μεγάλης

60 4205 210 4288 Φρυγίας]
235 4209 271 4265 Β.
362 4195 527 4278 ’Λλόχμιος
546 4205 656 4285 PpRV,
670 4197 822 4280 Ἄλυχμος
841 4207 874 4261 A.
973 4211 1019 4266 19.
1042 4203 1168 4280 Βαίβιος
1188 4209 1223 4277 Β,

57 4297 181 4378 Βοίβῗος
202 4303 242 4370 R,
266 4295 421 4373 Βοίβαιος
441 4297 501 4353 AV.
595 4291 756 4370 Ἀλόμνιος
775 4299 810 4354 Β.
