2894 5062
599 327 600 330 ψ
648 238 719 311 3¹¹

104 397 218 496 ποιόν,
242 411 289 496 uia
311 413 500 496 Λύσιππος
522 417 562 484 ὸν
579 417 736 502 Βάκχαις.
758 421 798 488 τὸ
824 421 974 513 Θιτιόλη
994 427 1106 513 δρᾶμα
1128 423 1264 494 Μινούκ-

104 539 186 621 δρσυ
208 531 388 624 βαρύνεται
411 534 504 623 παρὰ
531 527 706 620 Ἀττικοῖς,
731 535 778 620 εἰς
800 537 952 630 ίδιότητα
972 543 1084 612 τεθέν.
1132 531 1263 632 λέγεταί

103 655 160 724 καὶ
181 651 369 736 θετταλίζω
392 647 437 732 ῶς
457 651 599 745 δωρίζω,
623 651 681 747 ἀφ’
699 648 740 724 οὗ
756 659 795 726 τὸ
815 656 1144 746 ἐντιθιτταλίσμεθα
1168 663 1262 754 παρὸ

103 781 151 864 τῷ
167 769 339 843 Εὐπόλιδι
356 771 390 840 ἐν
405 776 557 862 Μαρικᾷ,
573 775 727 843 τουτέστι
740 776 895 863 χλαμύδα
915 782 1119 872 Θετταλικὴν
1136 786 1264 873 φοροῦ-

102 920 175 978 μεν.
223 893 425 960 Θετταλικὸν
453 888 636 980 περόνημα.
1275 922 1288 962 ι

192 1011 495 1100 Θισσαίονίκη,Ι
521 1008 623 1092 πόλις
648 1015 883 1097 Μακεδονίας,
915 1016 989 1106 ἥτις
1019 1011 1085 1108 όρα
1113 1019 1262 1088 ἐκαλεῖτο

99 1129 213 1213 utta,
240 1128 444 1220 Κασάνδρου
468 1130 589 1216 κτίσμα
701 1129 721 1223 ἢ
743 1134 798 1204 ὅτι
821 1135 998 1218 Φίλιππος
1018 1142 1079 1206 τοῦ
1101 1133 1264 1221 Ἀμύντου

104 1253 173 1321 ἐκεῖ
196 1251 384 1332 Θετταλούς
405 1249 543 1340 νικήσας
564 1249 670 1333 οὕτως
691 1251 839 1324 ἐκόλασε.
884 1252 1038 1336 Λούκιος
1066 1257 1105 1326 δὸ
1128 1253 1146 1325 ὸ
1175 1263 1264 1346 Ταρ-

104 1377 200 1460 ραῖος
222 1373 301 1460 περὶ
325 1368 569 1458 Θεσσαλονίκης
590 1369 724 1457 βιβλίον
746 1371 910 1466 ἔγραψεν,
936 1372 973 1454 ὸς
995 1397 1099 1464 φησιν
1121 1371 1175 1442 ότι
1200 1373 1264 1442 Θί-

106 1582 309 1592 ---—-—..

106 1713 134 1763 t.
154 1699 326 1772 Λύσιππος
345 1706 380 1773 Β,
399 1698 507 1774 Λύσις
527 1708 600 1764 libri.
695 1712 723 1765 3.
745 1704 1047 1783 ἓντεθετταλίσμεθα
1067 1711 1102 1778 Β,
1122 1707 1264 1768 ένθεττα-

104 1794 242 1873 λίσμεθα
262 1798 335 1855 libri.
438 1799 466 1855 4.
487 1798 532 1878 τῷ
552 1819 608 1857 om.
630 1801 665 1856 R.
763 1797 898 1884 Μαρικᾷ
918 1803 953 1870 R,
974 1800 1119 1884 Μαρυκᾷ
1137 1804 1171 1871 Α,
1190 1801 1264 1861 Μα·

105 1891 190 1970 ρυκῶ
210 1891 247 1947 V.
326 1895 353 1950 5.
374 1887 453 1965 [καί]
477 1887 666 1951 Θετταλικὸν
684 1887 796 1969 πτέρον
815 1893 986 1962 Salmasius,
1007 1885 1054 1969 [ἢ]
1078 1889 1266 1954 Θετταλικὸν

105 1980 216 2058 πτέρον
235 1985 271 2040 Β.
293 1984 330 2042 de
351 1985 452 2041 vestitu
474 1984 647 2042 Thessalico
668 1984 805 2042 classicus
826 1986 906 2044 locus
927 1997 971 2044 cst
991 1987 1087 2045 Strab.
1101 1992 1133 2046 11
1156 2007 1186 2064 p.
1197 1990 1264 2046 530.

105 2097 192 2154 quem
205 2079 338 2153 quoniam
354 2078 402 2153 qui
417 2076 454 2134 de
468 2080 553 2135 rebus
568 2079 688 2136 scenicis
702 2079 880 2156 scripserunt
893 2081 1015 2137 omisere
1028 2079 1075 2137 hie
1088 2081 1264 2138 adscribam:

105 2167 157 2228 καί
183 2164 240 2246 τὴν
265 2167 386 2246 ἐσθῆτα
408 2165 442 2226 δὲ
462 2164 518 2246 τὴν
536 2163 739 2246 Ἀρμενιακὴν
760 2165 951 2247 Θετταλικήν
971 2190 1081 2250 φασιν,
1109 2162 1174 2229 οἷον
1193 2171 1267 2240 τσὸς

103 2263 218 2338 βαθεῖς
232 2263 382 2338 χιτῶνας,
404 2254 459 2330 οὓς
479 2263 607 2320 καλοῦσι
624 2258 831 2330 Θετταλικοὸς
850 2261 882 2321 έν
901 2269 970 2333 ταῖς
989 2260 1189 2345 τραγῳδίαις,
1211 2261 1263 2322 καὶ

104 2350 272 2428 ζωννόουσι
291 2351 359 2432 περὶ
379 2351 418 2413 τὸ
439 2346 559 2430 στήθη,
580 2351 631 2412 καί
652 2351 840 2434 ἐφαπτίδας,
866 2351 908 2424 ὡς
933 2355 983 2415 καί
1008 2358 1070 2416 τῶν
1094 2354 1264 2436 τραγῳδῶν

103 2441 326 2524 μιμησαμένων
338 2441 412 2515 τοὸς
427 2438 613 2514 Θετταλούς.
633 2441 693 2505 έδει
712 2444 770 2522 μέν
787 2445 847 2526 ηδρ
865 2444 971 2519 αὐτοῖς
984 2447 1129 2509 έπιθέτου
1144 2442 1263 2523 κόσμου

105 2535 247 2600 τοιούτου
269 2533 363 2607 τινός,
384 2533 414 2598 οἱ
434 2535 467 2598 δέ
489 2534 639 2598 Θετταλοί
658 2533 796 2614 μάλιστα
814 2541 1090 2616 βαθυστολοῦντες
1108 2573 1141 2584 -
1165 2537 1264 2616 έπιτη-

106 2628 267 2709 δειοτιίτην
286 2627 476 2710 παρέσχοντο
495 2629 626 2707 μίμησιν
645 2633 683 2710 τῇ
703 2632 765 2688 τῶν
784 2625 957 2707 ὑποκριτῶν
977 2631 1125 2712 διασκευῇ
1150 2631 1182 2691 έν
1200 2637 1266 2701 τοῖς

106 2719 356 2800 ιίναπλιίσμασιν.
454 2728 482 2782 6.
506 2721 731 2800 Θεσσαλονίκη]
754 2726 835 2782 Haec
855 2727 945 2782 sectio
965 2726 1066 2803 paucis
1087 2709 1215 2804 exceptis
1236 2727 1264 2783 in

104 2821 200 2895 Etyrn.
221 2819 261 2877 Μ.
282 2839 312 2897 p.
333 2819 399 2886 447,
420 2822 458 2875 32
477 2817 557 2874 illata
578 2826 630 2874 est.
740 2821 768 2874 6.
788 2822 817 2876 7.
838 2807 1003 2892 ἥτιςἎλία
1023 2814 1158 2877 έκαλεῖτο
1178 2819 1244 2876 ΕΜ.

105 2917 133 2972 7.
158 2907 258 2986 Ἆλία]
289 2913 393 2969 Mirum
425 2921 469 2968 est
496 2912 647 2968 memorari
675 2927 780 2967 nornen
810 2911 887 2967 urbis
913 2910 1030 2968 aliunde
1060 2931 1179 2989 prnrsus
1206 2931 1264 2969 non
1327 2959 1331 2966 .

107 3005 268 3080 cognitum,
294 3005 407 3062 reticeri
434 3012 530 3060 autem
557 3003 643 3080 longe
663 3003 926 3079 frequentissimum
949 2997 1057 3079 Θέρμα
1079 3004 1124 3062 vel
1146 2999 1263 3082 Θέρμη.

107 3099 135 3154 in
156 3099 183 3156 R
207 3099 344 3176 scripturn
371 3108 415 3156 est
441 3097 513 3169 αλια
539 3097 558 3153 i.
580 3115 606 3153 e.
627 3093 736 3154 AAA
761 3098 821 3154 sive
840 3094 926 3154 MA.
952 3096 1154 3172 corrigendum
1179 3098 1266 3172 igitur

109 3183 259 3267 [Θέρ]μα.
281 3191 412 3248 nimirum
433 3190 479 3246 lric
500 3207 615 3266 qunque
635 3189 743 3247 facturn
764 3187 905 3264 estquod
926 3189 1055 3265 plurimis
1070 3187 1141 3244 locis
1155 3188 1264 3246 facturn

106 3286 164 3341 iarn
184 3283 305 3340 vidimus
320 3291 349 3340 et
363 3301 449 3360 porro
466 3282 634 3349 videbimus,
657 3293 687 3338 ut
702 3283 731 3338 in
746 3281 825 3339 libris
840 3280 980 3358 Stephani
995 3281 1105 3356 primae
1120 3281 1264 3337 nominum

108 3375 238 3450 syllabae
257 3375 424 3433 exciderint.
446 3373 578 3452 exempla
599 3392 693 3451 pauca
713 3373 750 3432 de
771 3372 866 3430 inultis
881 3372 1029 3449 composui
1043 3371 1081 3428 nd
1095 3364 1265 3450 Χορτασαί.

108 3469 146 3528 de
162 3469 284 3526 nominis
297 3468 400 3535 forma,
423 3463 531 3541 Θέρμα
544 3485 598 3544 pro
612 3460 728 3543 Θέρμη,
750 3467 821 3522 dixit
835 3465 970 3522 Tnselins
984 3463 1119 3521 'l'lressal
1133 3484 1163 3541 p.
1174 3468 1202 3531 8,
1216 3467 1263 3524 15.

108 3563 137 3617 in
160 3579 195 3618 eo
215 3569 311 3618 tannen
330 3560 422 3617 salsus
443 3559 521 3636 quod
541 3577 604 3616 earn
626 3559 751 3615 doricam
773 3579 838 3617 esse
858 3559 1009 3616 existimat.
1032 3575 1056 3613 τ.
1076 3556 1113 3613 ad
1134 3551 1263 3632 Μέδμη.

108 3653 218 3711 Atticos
240 3647 347 3730 Θέρμη
368 3656 508 3731 probasse
529 3671 566 3709 ex
585 3651 688 3710 Photio
709 3672 738 3730 p.
751 3655 798 3719 86,
820 3657 857 3709 10
878 3651 1054 3725 intelligitur.
1141 3640 1264 3706 Κασιίν·

107 3743 186 3822 δρου
206 3745 271 3812 RV,
298 3736 511 3820 Κασσάνδρου
532 3747 565 3801 Α.
594 3755 660 3822 post
686 3741 800 3818 κτίσμα
821 3744 952 3802 lacunam
972 3741 1154 3797 indicandam
1174 3742 1265 3800 fuisse

108 3840 261 3915 sequentia
282 3837 396 3895 docent.
423 3838 492 3914 quid
513 3837 653 3894 exciderit
673 3838 841 3914 intelligitur
860 3857 876 3895 e
897 3837 993 3893 Strnb.
1014 3835 1085 3892 Exc.
1105 3839 1124 3893 7
1145 3855 1174 3912 p.
1196 3839 1265 3892 330:

110 3926 324 4004 Θεσσαλονίκη
349 3921 450 3998 πόλις,
477 3921 497 4004 ἣ
523 3921 672 4006 πρότερον
700 3926 808 4005 Θέρμη
836 3928 980 3988 ἐκαλεῖτο.
1007 3927 1122 4002 κτίσμα
1147 3920 1178 3984 δ’
1201 3923 1267 3985 έστλ

108 4017 314 4097 Κασάνδρου,
341 4012 375 4088 ὸς
400 4019 448 4079 ἐπὶ
474 4021 519 4100 τῶ
544 4015 672 4096 ὀνόματι
699 4023 754 4098 τῆς
778 4018 891 4081 ἑαυτοῦ
913 4012 1070 4097 γυναικός,
1095 4015 1207 4088 παιδὸς
1233 4015 1267 4078 δὲ

110 4111 267 4174 Φιλίππου
281 4115 337 4172 τοῦ
350 4107 513 4188 Ἀμύντου,
534 4106 702 4190 ὠνόμασεν.
724 4133 799 4190 quae
820 4115 908 4192 paulo
930 4113 1014 4170 aliter
1033 4114 1141 4189 scripta
1156 4132 1172 4169 e
1185 4113 1265 4170 libris

108 4209 175 4266 Vnt.
203 4217 232 4265 et
255 4207 319 4264 Pal.
345 4206 436 4264 edidit
461 4208 619 4264 Kramerus
645 4207 699 4265 vol.
720 4213 738 4264 2
765 4227 794 4285 p.
814 4212 862 4268 79.
979 4210 1008 4265 8.
1028 4197 1205 4274 Λούκιλλος
1229 4207 1267 4274 X,

107 4321 166 4358 nnn
180 4301 216 4370 V,
237 4311 267 4356 ut
281 4309 377 4356 narrat
390 4299 426 4356 B.
447 4299 511 4358 libri
528 4319 626 4357 omnes
638 4290 789 4368 Λούκιος,
811 4319 885 4376 quae
907 4299 1027 4356 nominis
1047 4297 1140 4352 forma
1162 4299 1266 4374 ubique

106 4402 208 4453 nostro
229 4411 305 4450 nnnc
325 4410 361 4450 cx
382 4392 460 4449 libris
478 4393 612 4450 restituta
632 4401 684 4450 est.
708 4411 732 4451 v.
754 4394 783 4450 in
796 4387 959 4466 Κύλαρνα,
980 4387 1084 4462 Μίεζα
1104 4399 1132 4447 et
1147 4383 1266 4468 Τόρρα.
