2888 5084
743 240 817 314 186

200 423 337 495 έθνικὸν
355 420 426 492 ἔδει
441 419 651 510 Βρεττιανός,
675 419 721 504 ὡς
735 417 909 507 Πολύβιος
929 421 969 490 τὸ
986 419 1136 511 θηλυκόν
1159 423 1241 516 αένεί
1254 431 1359 516 Βρετ-

198 542 315 630 τιανίγν
335 538 486 610 τόσιυν”.
519 546 575 610 νῦν
598 541 636 611 δέ
657 541 808 630 Βρέττιοι
830 540 995 628 λέγονται.
1029 533 1095 610 εἶσὶ
1109 543 1166 611 καί
1184 552 1359 633 Βρεττα-

200 660 312 744 νίδες
332 665 430 750 νῆσοι
452 658 486 730 έν
506 666 554 749 τῷ
576 657 721 750 ὠκεανῷ,
745 651 791 728 τὸν
811 659 851 727 τὸ
875 659 1012 730 έθνικὸν
1033 660 1227 750 Βρεττανοί.
1272 669 1359 734 Διο-

200 780 324 862 νίισιος·
339 776 474 870 ὖφελιὸν
501 780 540 848 τὸ
562 777 599 847 ἓν
619 786 638 847 τ
660 776 724 870 ἔφη
755 774 929 872 αὠκεανοῦ
956 779 1087 862 κέχυται
1112 780 1242 872 ψυχρὸς
1268 779 1357 869 ῥόος,

174 897 288 968 τένθα
309 895 507 988 Βρετανοί.”
551 899 609 966 καί
635 892 735 966 όίλλοι
762 895 868 979 οὕτως
895 896 954 965 διὸ
975 902 1004 963 ’σῖ
1025 898 1231 988 Πρετανίδες
1250 904 1357 990 νῆσοι,

201 1015 247 1099 ιὸς
268 1017 471 1108 Μαρκιανὸς
493 1017 549 1084 καί
571 1017 795 1100 Πτολεμαῖος.

284 1135 476 1228 Βρέττος,
498 1131 601 1214 πόλις
620 1139 800 1222 Τυρρηνῶν,
823 1131 893 1203 όντὸ
912 1138 1057 1226 Βρέττου
1076 1142 1138 1206 τοῦ
1154 1133 1359 1228 Ἡρακλέους

198 1258 257 1326 καί
284 1250 455 1342 Βαλητίας
486 1257 545 1341 τῆς
573 1248 741 1341 Βαλήτου.
785 1252 820 1322 οἱ
849 1253 1014 1336 οἰκοῦντες
1042 1254 1216 1345 Βρέττιοι,
1250 1257 1308 1323 καί
1336 1252 1356 1346 ἡ

197 1373 289 1464 χώρα
310 1369 453 1462 Βρεττία
481 1372 538 1439 καί
563 1366 584 1460 ἦ
612 1374 757 1460 γλῶσσα.
796 1369 1043 1466 Ἀριστοφάνης
1070 1373 1236 1467 αμέλαινα
1262 1374 1357 1462 δεινή

160 1525 187 1564 ιο
199 1496 334 1582 γλῶσσα
356 1487 499 1580 Βρεττία
525 1487 672 1580 παρῆν”.
710 1487 878 1580 ᾋνιίοχος
906 1493 944 1562 δέ
969 1493 1030 1583 τὴν
1052 1489 1197 1560 Ἰταλίαν
1222 1488 1358 1580 πρῶτόν

200 1637 284 1704 φησι
305 1612 474 1698 κληθῆναι
495 1608 666 1698 Βρεττίαν,
690 1604 763 1678 εἶτα
789 1607 982 1700 Οἰνωτρίαν.

282 1728 447 1819 Βρίγες,
484 1725 587 1810 ἔθνος
620 1725 795 1818 Θρᾳκικόν.
839 1724 1028 1820 Ἡρόδοτος
1061 1726 1190 1820 ἑβδόμῃ
1228 1725 1289 1822 «ολ
1318 1730 1357 1799 ὸέ

201 1843 338 1936 Φρύγες,
361 1843 407 1929 ὡς
427 1844 627 1928 Μακεδόνες
650 1848 795 1936 λέγουσι,
818 1846 997 1916 καλέονται
1013 1843 1168 1937 Βρίγες”.
1201 1847 1259 1916 καί
1272 1854 1355 1936 Βρι-

197 1963 296 2054 γίαὴ
324 1963 473 2055 Τρωικὴ,
499 1965 670 2036 τουτέστιν
697 1962 718 2056 ἡ
744 1963 872 2054 Φρυγία
878 2003 893 2047 s
915 1961 987 2036 ὸτιὸ
1009 1966 1133 2055 Βρίγου
1160 1971 1221 2035 τοῦ
1240 1993 1355 2036 κατοι-

160 2118 185 2159 ιε
199 2081 361 2175 κήσαντος
389 2085 424 2155 ἐν
451 2084 663 2176 Μακεδονίᾳ.
703 2081 917 2175 Ἡρωδιανὸς
942 2086 981 2155 δέ
1009 2085 1045 2156 έν
1074 2081 1191 2175 πραίτῃ
1215 2085 1356 2168 κλίσεως

199 2198 372 2289 ὀνομάτων
393 2202 580 2294 Βρίγαντας
607 2200 727 2285 αίιτοός
757 2229 840 2294 φησι
871 2203 936 2297 εἰτὸ
963 2203 1025 2294 γὰρ
1055 2201 1103 2286 είς
1126 2203 1189 2293 γεῖς
1210 2202 1353 2294 λήγοντα

137 2389 141 2396 .
198 2319 351 2410 ὸνόματα
374 2319 603 2408 ίσοσολλοίβως
624 2321 786 2404 κλίνεται,
815 2321 871 2392 ὅτε
891 2319 997 2408 μόνον
1018 2320 1084 2392 είσί
1103 2319 1212 2413 κόρια.
1254 2328 1354 2392 τοῦτο

198 2443 236 2514 δέ
258 2467 347 2533 φημι
369 2440 428 2511 διὸ
450 2440 489 2508 τὸ
512 2439 648 2530 Βρίγας.
692 2439 794 2523 ἔθνος
815 2441 854 2510 δέ
875 2439 947 2511 ἐστι
967 2443 1188 2532 Βρεττανικὸν
1208 2439 1241 2510 οἱ

282 2558 535 2649 Βρικιννίαι,
559 2556 660 2640 πόλις
680 2558 846 2641 Σικελίας.
890 2561 929 2630 τὸ
952 2560 1090 2630 ε’θνικὸν
1111 2558 1352 2648 Βρικιννιιίτης.

157 2710 184 2752 νο
280 2685 426 2769 Βρῖοα,
450 2673 535 2770 δίκρα
556 2680 708 2765 Λέσβου,
731 2679 766 2748 έν
785 2667 810 2770 ᾗ
829 2678 964 2770 ἵδρυται
978 2676 1146 2761 Διόνυσος
1158 2685 1332 2770 Βρισαῖος.

278 2798 471 2887 Βρουσίς,
500 2805 602 2888 μοῖρα
624 2795 858 2879 Μακεδονίας,
888 2794 959 2867 ἀπὸ
981 2794 1149 2887 Βροόσου,
1176 2795 1353 2884 Ἠμαθίου

195 2914 332 2996 παιδός.
364 2917 403 2987 τὸ
425 2916 562 2985 έδνικὸν
582 2918 731 3006 Βροόσοι
753 2911 800 2997 ὥς
819 2914 961 3003 Κόλχοι.
993 2917 1081 2999 τινές
1103 2914 1269 3010 γράφουσι
1293 2917 1351 2988 διὸ

194 3061 254 3105 του
275 3061 304 3106 υ.

194 3381 222 3434 1.
242 3368 433 3453 Βρεττιανὴν
448 3362 556 3449 χώραν
576 3368 613 3426 de
633 3368 808 3428 Bruttiorum
830 3389 899 3448 agro
921 3373 993 3430 dixit
1012 3372 1149 3447 Polybius
1171 3377 1197 3441 1,
1212 3375 1259 3430 56.
1281 3372 1350 3430 Ste-

192 3467 307 3546 phanus
327 3466 414 3523 alium
434 3463 547 3539 Polybii
565 3461 660 3518 locum
681 3465 817 3540 respexit.
910 3461 958 3523 ini
979 3483 1035 3522 om.
1055 3463 1111 3542 Pp.
1209 3469 1237 3522 2.
1256 3459 1352 3533 τόπος

193 3560 248 3639 Pp,
267 3561 408 3638 probante
428 3556 466 3612 H.
571 3558 598 3612 3.
609 3554 639 3612 4.
658 3549 838 3631 Διονύσιος]
857 3557 925 3616 Per.
945 3559 1011 3617 284.
1108 3557 1137 3616 4.
1157 3552 1267 3633 ψυχρὰ
1286 3554 1330 3614 Π.

194 3657 223 3711 8.
244 3648 295 3709 καί
314 3644 436 3715 Βαλίας
457 3647 514 3724 τῆς
533 3643 671 3705 Βαλίτου
697 3649 733 3705 R.
761 3651 840 3728 apud
860 3651 956 3708 Strab.
978 3655 995 3706 6
1015 3671 1046 3729 p.
1066 3653 1124 3708 282
1148 3669 1203 3728 pro
1222 3643 1350 3724 Ἀλητία

194 3755 272 3803 recte
293 3745 439 3818 corrigunt
458 3737 609 3817 Βαλητία.
687 3749 716 3802 9.
728 3737 825 3798 πίσσα
846 3738 966 3818 (πίττα)
987 3763 1040 3820 pro
1060 3742 1187 3820 γλῶσσα
1207 3741 1302 3799 ethic
1322 3751 1351 3800 et

193 3839 222 3896 in
242 3836 442 3913 Aristophanis
469 3853 551 3893 uersu
577 3844 655 3892 recte
675 3833 848 3892 Bochurtus.
947 3842 994 3894 10.
1014 3827 1137 3913 πρῶτόν
1162 3833 1231 3891 add.
1252 3831 1329 3892 HR.

195 3933 241 3988 12.
262 3920 340 4004 ἀρχὴ
361 3926 419 3985 τοῦ
439 3919 472 3984 θ’
491 3923 616 4001 βιβλίου
643 3937 708 3985 aute
730 3921 840 4003 Βρίγες
860 3924 935 3986 HR.
1032 3921 1165 4004 ἑβδόμῃ]
1187 3947 1213 3985 c.
1232 3931 1282 3985 73.
1303 3927 1350 3984 ubi

193 4015 363 4081 ἐκαλέοντο.
443 4023 490 4078 15.
505 4014 701 4097 Ἡρωδιανὸς
720 4051 758 4062 -
779 4023 825 4078 17.
838 4011 977 4095 ὀνόματα
997 4041 1053 4078 om.
1063 4022 1099 4079 R.
1179 4015 1212 4078 δέ
1226 4016 1349 4077 adun.

194 4110 330 4190 κλήσεως
350 4113 387 4170 V.
467 4116 513 4170 17.
527 4104 622 4186 μόνος
643 4111 676 4188 (i.
689 4131 716 4169 e.
729 4103 845 4186 μόνως)
859 4114 924 4171 RV.
1003 4119 1051 4173 18.
1065 4114 1197 4172 lacunam
1212 4121 1350 4188 quatuor·

194 4205 287 4264 decim
307 4205 452 4262 literarum
474 4205 581 4262 indicat
600 4205 637 4262 R.
657 4201 826 4282 Βρίγαντες
846 4206 973 4265 addebat
992 4208 1030 4264 Η.
1110 4211 1156 4264 19.
1179 4199 1350 4281 Βρικιννίαι

192 4315 275 4392 va,
295 4307 454 4388 Βρικιννία
474 4315 534 4372 ΑΒ.
625 4318 672 4371 21.
695 4292 822 4388 Βραίσις
842 4315 878 4374 R.
967 4309 1113 4391 Βροόσου
1131 4309 1292 4391 Ἠγιαθιόυ
1313 4315 1349 4382 Χ,

192 4401 313 4480 Βρίσαυ
329 4400 473 4480 Ἱγιαθίυυ
494 4405 568 4464 libri.
685 4410 732 4462 23.
753 4407 810 4462 τοῦ
830 4405 848 4464 f>
868 4408 970 4477 HRV,
990 4408 1046 4466 τοῦ
1067 4407 1084 4466 ὃ
1104 4410 1137 4466 Α.
