2902 5070
770 287 845 364 204

230 471 266 541 δν
285 474 333 560 τῷ
354 467 534 556 νομίσματι
553 473 620 537 τῶν
638 466 827 559 Γεργιθίων
847 465 931 560 αὐτή
952 495 989 538 τε
1013 471 1070 540 καὶ
1092 467 1203 560 σφίγξ,
1226 465 1273 551 ὡς
1297 467 1388 538 Φλέ-

230 615 297 679 γων
320 589 356 659 ἐν
374 584 612 675 Ὀλυμπιάδων
626 585 659 655 ά.
693 587 728 658 δν
749 588 787 658 δδ
807 593 855 678 τῷ
877 585 954 680 icosi
975 593 1037 658 τοῦ
1058 586 1243 678 Γιργιδίου
1261 583 1389 656 Ἀπόλ-

232 842 259 896 1.
279 833 312 895 ts
330 836 374 917 τῷ
397 830 563 911 νομίσματι
587 833 650 892 τῶν
670 832 855 913 Γεργιθίων]
881 835 926 894 De
951 835 1081 914 Sphinge
1107 837 1136 894 in
1160 836 1254 893 numis
1280 835 1389 910 Gergi-

230 929 353 987 thiorum
374 949 400 988 s.
420 929 528 988 Sestini
547 928 669 986 Dissert.
691 929 822 985 numism.
844 928 959 986 Contin.
980 929 1018 986 T.
1034 936 1060 989 1.
1075 950 1107 1009 p.
1119 934 1167 989 88.
1189 929 1237 987 cll.
1257 927 1389 984 Mionuet

230 1022 332 1081 Descr.
353 1022 390 1080 de
410 1021 488 1081 me'd.
509 1021 614 1099 Suppl.
635 1021 674 1077 Τ.
696 1023 724 1081 5.
742 1042 773 1099 p.
794 1025 862 1080 359.
979 1018 1072 1100 σιγίγξ
1091 1023 1154 1091 RV,
1180 1015 1200 1099 ἡ
1221 1017 1315 1100 σφίγξ
1333 1021 1368 1078 Α.

231 1120 262 1174 2.
276 1106 509 1190 Ὀλυμπιάδων]
539 1111 717 1172 Schubartus
746 1106 923 1188 ὀλυμπιάδι.
954 1114 1121 1191 Phlegontis
1151 1115 1226 1173 enim
1256 1113 1388 1183 annales,

232 1208 349 1286 duplice
364 1207 568 1285 olympiadum
586 1215 616 1264 et
630 1206 837 1263 Clrronicorum
851 1209 933 1266 titulo
947 1209 1110 1286 inscriptos,
1130 1207 1311 1285 Stephanum
1331 1223 1389 1262 non

116 1319 137 1352 ν
211 1300 390 1362 ,secundum
416 1301 503 1357 libros
530 1300 634 1366 citare,
659 1299 712 1357 sed
739 1301 896 1358 secuudum
922 1300 1113 1378 olympiades.
1140 1318 1211 1358 sane
1236 1298 1293 1356 hoc
1318 1297 1390 1356 iecit

231 1394 416 1473 plerumque:
435 1412 494 1450 non
513 1400 679 1449 constanter
697 1390 804 1450 fecisse
824 1393 881 1470 ipsi
900 1393 952 1461 illi,
973 1413 1045 1470 quos
1067 1395 1108 1451 vir
1120 1392 1389 1473 praestantissimus

232 1486 270 1544 ad
292 1496 450 1544 ceterorum
472 1504 599 1542 normam
619 1483 721 1560 refingi
741 1484 843 1554 soluit,
869 1485 925 1542 loci
945 1485 1100 1544 ostendunt
1119 1486 1291 1553 certissime,
1312 1485 1390 1542 velut

144 1583 161 1618 θ
232 1599 256 1637 s.
277 1599 304 1638 v.
331 1572 538 1653 Ὀλυμπίειον·
569 1573 727 1643 κτίσαντες
754 1569 917 1652 Ἀθηναῖοι
941 1571 1101 1654 χρήμασιν
1123 1571 1290 1655 Ἀδριανοῦ
1320 1565 1390 1643 νίας

225 1663 365 1748 Ἀθήνας
382 1665 548 1750 Ἀδριανός
567 1663 729 1738 ίκάλεσαν,
756 1663 798 1736 ὡς
820 1665 946 1746 Φλέγων
970 1666 1003 1728 λν
1019 1663 1237 1746 Ὀλυμπιάδων
1256 1662 1291 1724 ιέ.
1322 1687 1387 1726 eam

233 1785 293 1824 rem
312 1764 437 1842 Phlego‚
464 1763 532 1832 nisi,
558 1762 635 1839 quod
661 1782 717 1820 non
743 1762 895 1820 verisimile
915 1771 973 1832 est,
998 1773 1080 1822 erma
1099 1764 1237 1841 temporis
1257 1762 1388 1820 ordinem

154 1871 176 1902 Ψ
233 1867 484 1916 commemoratam
505 1856 594 1924 dicas,
614 1855 780 1934 olympiade
796 1855 908 1913 decima
924 1857 1023 1933 quinta
1037 1874 1196 1914 memorare
1211 1875 1269 1912 non
1284 1856 1387 1934 potuit.

233 1962 311 2010 recte
332 1952 418 2026 igitur
436 1949 538 2006 librum
560 1949 700 2006 decimum
722 1950 848 2024 quintum
869 1949 951 2005 citari
971 1949 1113 2017 dicemus,
1140 1949 1169 2004 in
1196 1967 1252 2025 quo
1276 1965 1324 2006 res
1350 1945 1388 2002 ad

116 2087 117 2090 η
219 2043 388 2102 'Adrianum
414 2049 580 2120 spectantes
606 2043 753 2120 expositas
777 2040 868 2098 fuisse
894 2050 1001 2098 certum
1027 2049 1081 2099 est.
1113 2059 1168 2097 nec
1191 2041 1284 2097 minus
1311 2047 1388 2098 recte

76 2185 82 2198 .
233 2133 339 2213 legitur
357 2156 381 2193 s.
403 2155 428 2191 u.
453 2130 623 2210 Τερβητία·
643 2125 730 2201 πόλις
748 2129 898 2201 Σικελίας.
912 2128 1048 2212 Φλέγων
1067 2130 1099 2192 ἓν
1115 2124 1335 2207 Ὀλυμπιάδων
1353 2126 1387 2188 ιέ.

88 2215 91 2222 ‚
134 2275 140 2284 .
233 2240 263 2287 et
283 2250 308 2287 s.
320 2247 345 2286 v.
361 2223 534 2302 Φουρνίτα·
553 2218 640 2294 πόλις
658 2217 795 2300 Λιβύης.
819 2220 945 2304 Φλέγων
964 2222 993 2283 ιέ
1008 2225 1072 2284 τῶν
1086 2218 1314 2300 Ὀλυμπιάδων.
1334 2226 1389 2284 etsi

65 2345 81 2374 ν
103 2319 109 2328 “
233 2323 309 2380 enim
326 2321 363 2378 de
376 2319 515 2378 Terbetia
529 2317 716 2386 etPhurnita‚
731 2316 848 2376 Siciliae
867 2329 896 2376 et
909 2318 1024 2378 Africae
1041 2319 1167 2386 urbibus,
1186 2317 1258 2375 nihil
1271 2317 1389 2376 aliunde

232 2415 377 2492 cognitum
393 2411 541 2480 hahemus,
560 2411 639 2468 haud
659 2412 757 2488 inepte
777 2420 872 2468 tamen
888 2412 1009 2468 novitias
1026 2413 1110 2470 urbes
1124 2411 1215 2470 fuisse
1230 2430 1388 2487 earumque

231 2507 396 2565 memoriam
417 2506 483 2563 item
505 2504 545 2561 ad
557 2504 713 2561 Adrianum
734 2511 882 2582 spectasse
903 2505 1039 2572 conicias,
1059 2521 1143 2580 quem
1163 2503 1291 2560 Siciliam
1312 2503 1389 2560 Afri-

232 2618 354 2675 camque
379 2598 537 2657 identidem
564 2596 671 2656 adiisse
701 2605 877 2675 compertum
906 2597 1055 2654 habemus.
1087 2598 1144 2654 iam
1175 2597 1301 2653 dubitari
1330 2616 1387 2654 nou

231 2701 329 2772 potest
354 2692 422 2768 quin
446 2709 470 2746 s.
492 2709 518 2750 v.
539 2683 780 2768 Νεοκαισάρεια,
807 2680 921 2762 [πόλις]
941 2682 1090 2766 Ποντική.
1114 2683 1149 2748 τὸ
1169 2683 1294 2747 terinos
1313 2689 1388 2749 Neo·

147 2775 148 2780 ἵ
232 2776 410 2861 καισαριάς,
437 2776 478 2850 ὡς
501 2776 627 2859 Φλέγων
650 2775 678 2838 ιέ
694 2774 876 2856 diminuitis,
903 2781 1086 2839 scribendum
1107 2783 1143 2838 sit
1159 2773 1386 2856 Ὀλυμπιάδων.

232 2877 437 2935 Neocaesarea
456 2875 532 2932 enim
551 2875 674 2932 Pontica
693 2873 795 2932 eadem
816 2882 862 2932 est
881 2893 956 2950 quae
981 2875 1017 2933 als
1038 2874 1165 2934 Adriano
1185 2874 1388 2952 Adrianopolis

233 2969 312 3026 dicta
330 2975 384 3024 est.
405 2969 502 3042 itaque
522 2965 606 3024 huius
628 2985 743 3043 quoque
764 2967 842 3024 urbis
858 2968 994 3025 memoria
1010 2967 1048 3024 ad
1061 2967 1217 3025 adrianum
1233 2966 1388 3026 referenda

233 3070 288 3122 est.
313 3078 368 3118 nec
390 3059 483 3116 minus
509 3057 696 3116 dubitandum
722 3059 792 3135 quin
818 3059 919 3117 vitiose
945 3059 974 3116 in
999 3061 1079 3118 libris
1099 3061 1212 3137 legatur
1231 3078 1255 3116 ι.
1277 3080 1303 3117 v.
1323 3052 1388 3117 Ari·

232 3167 374 3232 yoposou,
400 3142 501 3220 πόλεις
527 3147 559 3209 έν
582 3146 707 3233 Κιλικίρ
732 3146 784 3208 καὶ
805 3144 929 3233 Ἰταλίᾳ.
960 3147 990 3210 oi
1015 3152 1136 3211 πολῖται
1159 3145 1388 3229 Αδγουστανοί.

235 3242 362 3325 Φλέγων
385 3241 418 3304 έν
443 3237 611 3320 ὀλυμπιάδι
635 3235 665 3318 η’.
694 3245 742 3300 ubi
767 3262 844 3300 nunc
862 3236 1083 3318 Ὀλυμπιάδων
1107 3245 1259 3304 edidimus.
1287 3247 1387 3304 vitiose

232 3343 299 3400 item
320 3339 415 3398 editur
433 3357 458 3395 s.
479 3356 505 3394 v.
525 3333 712 3413 Σκορδίσκοι
732 3331 782 3393 καλ
802 3332 950 3412 Σκίρτιοι,
971 3331 1047 3414 έθνη
1067 3329 1228 3405 Παιονιάς,
1251 3329 1293 3403 ὡς
1316 3331 1389 3394 Φλέ·

224 3451 295 3512 μων
314 3425 342 3488 ιέ
359 3422 536 3504 ὀλυμπιάδι.
563 3447 638 3506 quae
663 3430 731 3486 item
758 3427 796 3485 ad
816 3428 974 3487 Adrianum
999 3436 1143 3508 spectant,
1169 3429 1215 3485 cui
1235 3427 1388 3506 plurimum

233 3526 325 3582 scisse
339 3540 403 3578 cum
416 3521 546 3580 Paeonis
565 3522 728 3579 commercii
748 3523 926 3580 notissimum
947 3531 1000 3581 est.
1021 3522 1146 3597 denique
1166 3520 1269 3578 eadem
1289 3539 1388 3580 emen·

233 3617 312 3675 datio
332 3613 497 3673 adhibenda
516 3624 579 3672 erat
594 3624 693 3672 nostro
705 3634 735 3692 p.
748 3619 814 3685 177,
826 3619 871 3674 17.
887 3617 946 3672 sive
960 3615 1039 3694 apud
1051 3613 1152 3671 Const.
1164 3611 1272 3690 Porph.
1283 3612 1388 3673 Them.

232 3730 262 3788 p.
284 3711 335 3765 63:
359 3709 517 3785 μαρτυρεῖ
535 3700 569 3764 δὲ
593 3704 644 3764 καὶ
667 3700 794 3784 Φλέγων
818 3703 850 3764 lu
875 3698 1042 3781 ὀλυμπιάδι
1068 3697 1323 3782 πεντεκαιδεκάτη
1344 3700 1389 3766 ὅτι

233 3791 426 3875 λβασιλεάετο
457 3793 473 3857 ό
498 3789 664 3876 Βόσπορος
686 3791 790 3858 Κότυϊ
810 3799 855 3880 τῷ
881 3797 1090 3878 Βοσποριανῷ
1118 3796 1253 3871 βασιλεῖ,
1288 3819 1313 3879 ῳ
1339 3796 1390 3857 καὶ

233 3883 372 3967 διάδημα
391 3886 527 3949 ἐκέλευσε
548 3894 655 3968 φορεῖν
673 3885 838 3969 δΚαῖσαρ.
861 3893 909 3948 ubi
926 3891 1037 3949 Caesar
1054 3891 1156 3948 iterum
1176 3897 1221 3947 est
1233 3890 1389 3952 Adrianus.

235 3979 260 4044 i.
272 3985 402 4042 Visconti
416 3984 523 4041 lcon.2
539 4003 568 4060 p.
579 3987 646 4043 216.
668 3993 698 4042 et
718 3984 796 4058 Cary
814 3984 881 4042 hist.
903 3983 955 4042 des
976 3985 1034 4041 rois
1054 3982 1090 4040 de
1106 3981 1216 4059 Bosph.
1229 4001 1260 4058 p.
1274 3987 1313 4043 60
1324 4005 1388 4063 sqq.

35 4067 52 4078 ”
72 4063 79 4084 l
192 4129 196 4134 .
233 4083 375 4141 ceterum,
395 4093 459 4130 cum
479 4075 570 4132 semel
589 4074 645 4132 hoc
664 4085 860 4152 argumentum
881 4077 1026 4153 ingressus
1047 4077 1114 4144 sim,
1135 4094 1192 4132 non
1212 4084 1292 4135 necte
1311 4078 1391 4157 apud

233 4168 353 4238 Suidatn
378 4164 546 4241 Phlegontis
570 4185 644 4246 opus
669 4169 796 4228 sedecim
821 4167 900 4226 libris
927 4169 1089 4226 constitisse
1114 4167 1230 4225 dicitur:
1256 4163 1391 4249 ἔγραψεν

176 4285 185 4306 s
229 4250 444 4333 Ὀλυμπιάδας
463 4255 495 4316 ἐν
513 4255 645 4333 βιβλίοις
665 4253 713 4327 ις’.
735 4279 798 4317 cum
819 4262 894 4317 enim
914 4260 1017 4318 Photio
1038 4269 1112 4318 teste
1134 4259 1388 4340 (muncupata.)

214 4353 365 4442 2Phlegon
389 4351 489 4408 ultimo
514 4351 586 4408 lihro
606 4351 724 4408 Adriani
751 4351 898 4409 historiam
918 4354 1104 4432 explicuerit,
1129 4353 1270 4433 Stephani
1295 4365 1390 4414 autem

209 4437 213 4444 ’
234 4443 291 4502 loci
311 4463 409 4503 omncs
431 4444 468 4504 ad
488 4442 648 4502 Adrianum
666 4451 829 4522 spectantes
849 4464 866 4504 e
886 4447 959 4505 libro
975 4446 1087 4506 decimo
1104 4447 1204 4524 quinto
1225 4446 1392 4518 offeruntur,
