2888 5084
755 243 829 317 120

209 425 384 517 Ἀρκαδία,
412 420 459 504 ὡς
491 423 622 508 Τέγιμιξ
646 423 813 508 Τέμμικος
843 419 1018 508 Τεμμικία.
1063 421 1212 489 ἐκαλεῖτο
1240 422 1280 490 δὲ
1302 427 1374 489 Πε-

211 544 353 636 λασγία,
388 538 434 624 ὡς
461 538 636 624 Νικόλαος
664 543 812 632 πέμπτῃ.
857 536 1118 627 Ἀπολλόδωρος
1138 540 1184 612 ,ἐν
1214 544 1263 630 τῷ
1295 542 1377 629 περὶ

215 669 308 734 θεῶν
329 658 551 750 ἑκκαιδεκάτῳ
572 659 694 752 βιβλίῳ
717 663 796 752 περὶ
816 656 995 749 Δήμητρός
1016 683 1119 748 φησιν
1141 657 1195 727 ότι
1212 651 1377 744 Ἀρκάδια

214 790 257 876 τῇ
285 769 438 874 Δήμητρι
464 781 642 866 μέλλοντες
668 777 768 848 δύιιν
795 777 829 848 οὶ
855 773 1051 868 ι’ίνθρωποι,
1078 773 1200 867 ταύτην
1226 779 1289 866 γάρ
1315 779 1378 869 τὴν

190 902 343 973 νθυσίαν
371 897 612 990 συνεστήσαντο
641 897 726 982 μετά
755 899 813 967 τόν
843 903 978 987 πρῶτον
1004 894 1148 987 σπόρον,
1180 893 1234 965 ὅτι
1263 892 1379 977 αὐτοῖς

217 1019 339 1110 δκ-τῆς
367 1025 427 1110 γῆς
453 1017 573 1104 ἔμολεν
600 1011 619 1084 ό
649 1018 779 1107 καρπός
808 1017 855 1100 είς
883 1017 1013 1108 τροφήν
1046 1014 1104 1084 καὶ
1136 1012 1276 1104 σπόρον.
1320 1016 1379 1083 καί

218 1139 305 1209 oiim
325 1141 369 1208 τά
385 1132 549 1228 Ἀρκάδια
569 1141 668 1224 τιμῆς
686 1133 793 1226 χάριν.
832 1133 960 1226 ἐκλήθη
983 1136 1022 1205 δὲ
1043 1135 1101 1202 καί
1114 1130 1298 1222 Παρρασία
1320 1134 1379 1202 καὶ

216 1257 408 1326 Λυκαονία.
443 1253 476 1325 oi
491 1257 530 1326 δά
544 1257 602 1324 καί
616 1252 799 1344 Γιγαντίδα
815 1253 901 1345 φασί
916 1255 973 1321 καί
988 1251 1146 1337 Ἀζανίαν
1159 1253 1217 1320 καί
1232 1249 1379 1322 Πανίαν.

207 1374 330 1457 Ἵππυς
365 1376 404 1446 δὲ
434 1371 624 1465 ὃῬργῖνος
654 1373 787 1460 λέγεται
820 1375 953 1460 πρῶτος
981 1374 1121 1443 καλέσαι
1150 1367 1381 1462 προσελήνους

180 1494 296 1575 ιυτούς
317 1490 494 1582 Ἀρκάδας.
538 1492 661 1564 καλτό
689 1471 812 1583 άοτρδν
839 1492 973 1580 λέγεται
1002 1491 1037 1560 ἐν
1064 1494 1112 1581 τῷ
1142 1485 1274 1580 οὐρανῷ
1299 1489 1379 1560 τότε

218 1607 337 1702 ύρκτος
364 1616 548 1705 κληθῆναι,
581 1605 604 1703 ἢ
632 1611 746 1697 όίμαξα
776 1606 919 1700 ἐλέγετο.
954 1605 1083 1701 Ἴστρος
1114 1610 1153 1680 δέ
1187 1634 1290 1700 φησιν
1324 1609 1380 1681 ὅτι

220 1738 405 1818 Θεμιστοῦς
422 1733 481 1802 καί
495 1733 583 1814 Διός
604 1727 624 1800 ό
642 1727 764 1818 Ἀρκάς
784 1730 929 1819 ἐγίνετο,
953 1731 1012 1799 διά
1035 1728 1154 1820 δὲτὴν
1174 1733 1234 1819 τῆς
1253 1730 1380 1820 μητρός

218 1847 457 1942 άποδηρίιυσιν
492 1845 626 1940 (άρκτῳ
658 1849 720 1939 γάρ
754 1845 810 1941 ὑφ’
838 1850 950 1942 Ἥρας
981 1846 1085 1938 αύτὴν
1118 1843 1377 1937 όμοιασθῆναι)

218 1968 341 2058 ταύτης
360 1975 467 2055 τυχεῖν
487 1975 547 2058 τῆς
568 1965 806 2058 προσηγορίας.
838 1969 877 2038 τό
898 1968 1154 2060 πατρωνυμικόν
1167 1965 1378 2058 Ἀρκασίδαι.

182 2081 367 2178 ιοόίφειλον
387 2083 446 2158 ούν
460 2086 674 2178 Ἀρκαδίδης,
702 2083 789 2156 ἄλλά
816 2088 876 2156 διά
896 2088 935 2158 τό
958 2085 1156 2179 κακόφωνοι
1178 2084 1283 2169 ούτως
1305 2084 1378 2176 ἐγό-

220 2229 306 2273 νετο.
338 2206 379 2274 τό
394 2207 544 2295 θηλυκόν
559 2203 726 2298 Ἀρκασίς.
758 2203 900 2280 ἐστικαὶ
916 2204 1078 2296 Ἀρκαδία
1093 2201 1381 2298 παραδαλάοοιος

222 2320 334 2405 πόλις.
380 2325 591 2413 λέγεταικαὶ
612 2322 810 2417 Ἀρκαδικός
831 2327 889 2396 καὶ
903 2323 1084 2418 Ἀρκαδικὴ
1106 2325 1165 2395 καὶ
1178 2319 1384 2414 Ἀρκαδικόν.

220 2445 278 2532 καί
306 2439 499 2531 Ἀρκαδικά.
543 2444 601 2512 καὶ
635 2446 676 2514 τό
704 2441 910 2534 Ἀρκάδισοα
942 2442 1156 2536 παραλόγως.
1200 2443 1236 2512 ἐκ
1264 2441 1380 2514 τόπου

215 2560 449 2654 Ἀρκαδίηθεν.
493 2560 633 2633 ἐκάλουν
656 2560 777 2645 αύτούς
797 2565 855 2632 καὶ
877 2560 1128 2655 Ἀρκαδιιύνδας
1148 2567 1208 2632 τοῦ
1229 2551 1251 2633 δ
1273 2567 1378 2634 πλεο-

183 2678 393 2761 ιυνάσαντος.
428 2678 500 2751 ἔστι
522 2684 578 2752 καί
594 2679 755 2773 Ἀρκαδία
777 2679 958 2772 Αἰγύπτου
980 2681 1092 2764 πόλις.

220 2941 424 2954 m

222 3103 288 3157 1.2.
302 3096 466 3176 Πελασγία
485 3101 548 3171 RV,
567 3098 727 3181 Πελασγίη
746 3105 781 3161 Α.
860 3107 889 3162 3.
904 3095 1055 3178 Ἀρκαδία
1074 3113 1141 3162 ante
1154 3105 1192 3164 X.
1269 3106 1299 3163 4.
1311 3101 1380 3180 μόλ-

220 3190 331 3260 λοντας
349 3193 387 3252 R.
465 3187 496 3252 οί
516 3195 584 3254 add.
604 3197 642 3255 R.
700 3207 768 3276 post
787 3187 950 3274 άνδρωποι
971 3196 1082 3272 aliquid
1102 3197 1223 3268 excidit;
1235 3198 1299 3272 ‚nisi
1317 3197 1379 3278 γάρ

220 3283 386 3343 delendum.
464 3289 493 3345 5.
514 3279 611 3366 πόρον
629 3289 683 3367 Pp,
703 3285 802 3368 πυρόν
822 3291 859 3348 H.
938 3279 985 3348 ὅτι
1006 3281 1112 3357 αὐτοῖς
1130 3321 1170 3334 -
1188 3287 1240 3348 καί
1261 3285 1380 3370 σπόρον

219 3377 289 3437 add.
310 3379 419 3457 PpRV.
517 3371 623 3449 αὐτοῖς
642 3381 755 3452 Ρ·ΠΒ,
782 3376 880 3458 αὐτῆς
899 3384 961 3440 AV.
1058 3387 1087 3442 7.
1104 3375 1211 3460 χάριν]
1231 3384 1303 3442 Post
1323 3386 1379 3444 Ιιοο

220 3470 331 3546 aliquid
351 3471 493 3530 excidisse
515 3473 634 3532 videtur.
712 3472 865 3557 Παρασιά
885 3477 950 3534 RV.
1039 3479 1068 3533 9.
1082 3465 1191 3544 Ἵππυς
1209 3478 1246 3546 Χ,
1262 3474 1379 3547 ἵππους

220 3564 309 3632 ARV,
329 3560 419 3632 ίιιους
436 3561 482 3620 Π.
565 3562 599 3624 δὲ
617 3586 673 3626 om.
693 3569 730 3627 R.
752 3569 789 3628 de
808 3588 840 3628 re
861 3569 899 3627 cs.
920 3567 1103 3627 Schneidew.
1123 3569 1198 3626 Phil.
1220 3576 1234 3629 1
1257 3589 1287 3648 p.
1307 3573 1376 3630 428.

221 3659 267 3714 10.
289 3647 412 3736 οὐρανῷ
437 3656 514 3724 libri,
535 3652 658 3740 Ἀρανῷ
683 3679 835 3740 operarum
859 3681 957 3721 errore
975 3661 1014 3718 X.
1113 3667 1159 3719 12.
1180 3659 1378 3731 Καλλιστοῦς

221 3747 264 3804 vel
284 3744 464 3824 Μεγιστοῦς
487 3749 524 3808 Β.
554 3751 661 3808 editum
687 3765 782 3813 servat
806 3755 937 3814 Eustath.
959 3753 1050 3812 adli.
1071 3774 1101 3832 p.
1122 3758 1189 3827 ³00,
1209 3759 1257 3814 30.
1284 3765 1313 3814 et
1339 3756 1378 3814 ad

219 3840 339 3915 Dionys.
360 3841 426 3899 Per.
445 3843 513 3901 414.
618 3849 664 3902 13.
687 3839 740 3924 ἀφ’
756 3837 860 3927 Ἥρας
884 3850 920 3906 R.
1018 3837 1135 3920 ταύτην
1154 3844 1198 3904 Π.
1296 3839 1379 3922 δμοι-

220 3931 358 4007 κυδῆναι
371 3934 411 4001 Μ,
431 3927 647 4011 ὀνομασθῆναι
661 3937 735 4007 libri,
750 3933 943 4017 ὁμοιωθῆναι
959 3941 986 3998 Η
1000 3949 1030 3998 et
1043 3939 1173 4013 Heynius
1188 3939 1225 3995 ad
1239 3941 1376 4019 Apollod.

219 4025 305 4083 vol.1
327 4046 357 4104 p.
368 4030 436 4084 266.
514 4028 561 4087 14.
576 4021 758 4103 Ἀρκασίδαι
778 4033 811 4101 Ρ,
825 4028 999 4112 Ἀρκεσίδαι
1020 4031 1119 4090 ceteri.
1197 4035 1243 4091 15.
1265 4024 1377 4113 ὤφειλε

218 4112 294 4190 μίνλ
399 4121 447 4176 16.
461 4111 571 4196 Ἀρδία
590 4129 620 4179 et
638 4126 684 4182 17.
702 4115 840 4198 Ἀρδικός
858 4123 902 4183 Π.
1010 4129 1056 4185 17.
1077 4134 1144 4202 ροσε
1163 4115 1251 4193 πόλις
1269 4126 1378 4184 excidit

220 4211 325 4288 opinor
349 4207 381 4268 ἓν
405 4204 564 4290 Ζακύνθῳ
593 4212 633 4290 τῇ
659 4206 753 4294 νήσῳ.
869 4214 922 4275 καί
944 4209 1128 4292 Ἀρκαδικόν
1157 4237 1213 4274 om.
1233 4218 1298 4275 RV.

219 4307 266 4361 18.
286 4294 463 4379 παράλογον
482 4323 499 4362 ε
520 4322 593 4360 corr.
614 4305 649 4362 R.
675 4325 772 4366 nonne
794 4302 858 4382 [ού]
878 4303 1076 4388 παράλαγονλ
1163 4314 1211 4368 20.
1225 4303 1377 4387 Ἀρκαδία

217 4387 382 4471 Λίγύπτου
402 4390 502 4472 πόλις]
522 4398 583 4453 lmo
597 4389 773 4469 ἕπτάπολις,
796 4401 833 4459 de
849 4420 906 4477 qua
920 4402 984 4462 vide
997 4403 1130 4461 Eustath.
1147 4402 1195 4461 ad.
1209 4401 1296 4462 Dion.
1306 4407 1384 4464 251.-
