2888 5070
633 264 707 337 327

85 557 113 629 'I
116 561 137 627 δ
144 559 208 647 υρί
213 585 230 638 ς
253 555 427 640 ὀξυτόνως.
469 562 508 630 τό
529 563 666 630 savinus
684 562 852 652 Ἰδυρίτης,
875 572 922 654 τῷ
941 565 1037 655 τόπῳ
1056 574 1123 634 τῶν
1142 567 1190 649 είς
1204 575 1247 648 ῖς.

169 674 271 764 Ἱερὰ
291 676 419 786 κώμη,
441 681 549 778 δῆμος
564 682 705 769 Καρίας.
741 682 914 767 Πολύβιος
937 684 1170 775 ἑκκαιδεκάτῳ.
1207 688 1246 754 τό

88 797 224 865 ίθνικόν
244 794 492 888 Ἶεροκωμήτιγς.

169 912 368 1006 Ἰεραμαί,
391 915 493 1000 πόλις
515 920 656 1008 Καρίας.
701 921 740 990 τό
763 921 1094 1014 ἐθνικδνἸιραμεός.
1259 948 1272 986 ⁶

168 1031 269 1125 Ἱερὰ
285 1042 420 1126 νῆσος,
438 1038 473 1106 ἐν
488 1041 536 1126 τῷ
552 1045 705 1128 Κρητικῷ
720 1039 871 1129 πελάγει,
891 1038 936 1124 ὡς
951 1041 1082 1134 Χάραξ.
1106 1043 1248 1114 ἔστι-καὶ

88 1151 267 1242 Αἰγύπτου
286 1153 314 1224 ‘1
318 1156 387 1242 ερᾶ
409 1161 539 1246 νήσας.
576 1151 594 1221 ό
609 1155 750 1248 οἰκήτωρ
767 1156 982 1251 Ἱερονήσίιης
996 1158 1018 1251 ἢ
1034 1159 1245 1254 Ἱερονήοιος.

168 1269 415 1363 (Ιιρόπολις,
436 1275 561 1360 μεταξὺ
581 1275 728 1364 Φρυγίας
748 1281 806 1348 καί
820 1280 956 1362 Λυδίας
974 1280 1085 1364 πόλις,
1108 1287 1245 1374 θερμῶν

86 1387 219 1462 ὑδάτων
245 1397 382 1462 πολλῶν
410 1391 609 1484 πλήθουσα,
638 1389 799 1466 ἀπὸτοῦ
827 1395 899 1489 leoni
928 1401 1041 1469 πολλὰ
1071 1399 1168 1486 ἔχειν.
1212 1399 1242 1486 d

89 1509 231 1602 Κρήτης.
281 1511 309 1602 γ’
341 1512 481 1604 Συρίας,
520 1508 542 1604 ἢ
577 1516 634 1582 καὶ
667 1513 909 1607 Ἱερόπολις
945 1517 1005 1589 διὰ
1040 1525 1100 1588 τοῦ
1136 1519 1165 1589 ὃ.
1214 1516 1284 1593 δίυ

87 1833 114 1884 1.
135 1824 343 1905 Παμφυλίας]
373 1827 488 1900 ldyrum
512 1827 619 1903 Lyciae
652 1829 780 1904 assignat
810 1829 917 1904 Scylax
942 1831 1007 1888 Per.
1032 1837 1095 1888 100.
1128 1829 1244 1886 fluvium

88 1921 285 1995 cognominem
306 1930 443 1978 memorat
467 1929 495 1978 et
515 1919 703 1998 Pamphyliae
724 1922 861 1980 adscribit
882 1922 1032 2001 Theophr.
1053 1923 1090 1980 de
1113 1932 1187 1980 vent.
1206 1927 1242 1979 53

87 2033 117 2092 p.
129 2016 200 2070 778:
220 2005 322 2085 ἕτερόν
340 2031 368 2070 τι
390 2013 507 2087 πνεῦμα
529 2006 679 2090 πελάγιον,
702 2004 804 2092 ὥσπερ
819 2012 869 2072 καί
883 2012 951 2092 περὶ
965 2010 1019 2072 τὸν
1032 2008 1243 2094 Πιιμιγυλικόν

87 2099 214 2163 κόλπον·
236 2099 334 2162 {iader
352 2101 479 2182 μὲνγὰρ
496 2100 584 2184 δόρις
596 2103 785 2179 καλούμενος
805 2101 866 2166 ἀπὸ
885 2109 941 2165 τοῦ
961 2108 1104 2182 ποταμοῦ
1122 2100 1241 2188 Ἰδόρου

86 2203 158 2258 πνιΐ
174 2194 270 2276 μίγυς
294 2195 346 2256 καί
370 2193 474 2266 πυλός.
502 2199 549 2258 ubi
573 2217 631 2256 nou
650 2192 760 2276 Δόρου
781 2201 1037 2278 scribendumpro
1054 2194 1189 2278 Ἰδόρου,
1212 2211 1242 2257 ut

87 2291 184 2348 volunt
203 2292 329 2350 editores
349 2291 488 2370 Stephani
503 2293 560 2348 Th.
575 2293 607 2349 L.
621 2293 672 2348 Gr.
685 2297 702 2348 2
718 2313 748 2370 p.
763 2299 846 2352 1720.
867 2296 921 2353 sed
935 2285 1050 2371 ’Ἰδυρις
1070 2315 1123 2376 pro
1144 2287 1240 2370 δόρις,

87 2385 164 2460 quod
193 2387 269 2443 venti
295 2403 398 2443 nomen
423 2406 452 2462 p.
472 2389 509 2443 25
536 2387 762 2464 comparavimus
788 2408 850 2444 curn
879 2387 990 2446 aeolico
1020 2391 1097 2446 venti
1126 2388 1241 2444 nornine

88 2471 236 2553 Θήβανις.
261 2479 345 2536 situm
372 2481 448 2534 urbis
471 2477 546 2552 ldyri
572 2487 704 2535 accurate
730 2499 887 2555 cognoscas
909 2501 926 2538 e
945 2480 1075 2555 Scylacis
1095 2481 1176 2546 loco,
1205 2497 1240 2535 ex

87 2589 144 2646 quo
168 2590 231 2630 eam
258 2572 333 2628 inter
355 2569 539 2630 Phaselidem
565 2580 594 2628 et
619 2570 734 2630 Olbiam
760 2574 842 2630 sitam
867 2573 958 2632 fuisse
982 2573 1159 2648 intelligitur.
1186 2589 1241 2628 nec

84 2667 219 2744 indiguus
240 2673 284 2720 est
304 2665 353 2740 qrri
373 2663 553 2720 adscribatur
572 2664 652 2720 locus
666 2664 827 2721 Aristotelis
848 2666 884 2724 de
902 2675 975 2723 rent.
987 2666 1074 2744 posit.
1087 2684 1117 2742 p.
1130 2667 1195 2730 973,
1210 2667 1238 2721 5.

86 2763 134 2818 ubi
156 2756 330 2840 decodem,
356 2775 441 2831 quem
462 2755 682 2833 Theophrastus
704 2755 870 2834 descripsit,
894 2768 994 2826 vento,
1018 2757 1151 2814 Senecae
1171 2755 1240 2824 NQ.

85 2857 187 2922 5,17.
215 2849 384 2924 Cataegis
411 2849 501 2918 dicto,
527 2851 633 2924 agitur:
664 2845 696 2906 ἓν
722 2845 756 2905 δὲ
781 2842 890 2932 Ὀλβίᾳ
915 2850 954 2928 τῇ
980 2845 1059 2906 κατιλ
1085 2840 1240 2926 Μόγαλον

86 2947 159 3022 (leg.
172 2936 341 3019 Μόγυδον)
362 2941 416 3017 τῆς
436 2937 631 3021 Παμφυλίας
651 2940 817 3015 (καλεῖται)
835 2940 866 3001 Γ
863 2935 989 3018 ουριός·
1011 2946 1082 2999 πνεῖ
1095 2937 1155 3020 γὰρ
1176 2934 1238 2999 duri

84 3033 181 3113 νήσου
201 3029 221 3112 ἢ
242 3034 376 3092 καλεῖται
397 3033 416 3092 I
419 3032 522 3112 ἀι’ρίς.
549 3029 626 3104 τινὲς
651 3031 684 3092 δι’
705 3028 800 3092 αὐτόν
818 3035 940 3113 βορρᾶν
959 3031 1075 3094 οἴονται
1096 3026 1186 3102 εἶναι,
1207 3030 1240 3093 ἓν

84 3122 131 3200 oh
151 3125 201 3188 καί
220 3126 399 3199 Λυρνυτιῖς
418 3123 446 3184 oi
466 3123 546 3185 κατὰ
570 3121 745 3204 Φασήλιδα.
773 3130 820 3186 ubi
840 3147 893 3206 pro
914 3130 1056 3204 corruptis
1077 3129 1238 3184 nominibus

86 3221 115 3282 Γ
112 3223 146 3282 A
151 3219 230 3280 YPE
235 3215 287 3278 ΥΟ
299 3230 328 3278 et
342 3217 372 3276 Γ
368 3219 403 3276 Α
407 3217 505 3280 YPIc
523 3240 632 3299 repone
648 3217 835 3286 lAYPEYc
852 3231 880 3278 et
894 3215 1052 3280 IAYPIC.
1074 3238 1129 3276 nec
1143 3217 1237 3275 offerr-

85 3319 160 3377 sioni
179 3335 244 3374 esse
264 3323 361 3392 potest
381 3312 459 3389 quod
479 3314 573 3388 νήσον
593 3315 723 3392 appellat
742 3313 924 3380 Aristoteles,
950 3329 1025 3387 quae
1050 3310 1168 3385 reliquis
1194 3321 1238 3366 est

84 3405 181 3477 πόλις.
201 3409 332 3464 nimirum
352 3409 380 3462 in
402 3407 554 3484 peninsula
575 3409 629 3464 sita
649 3415 711 3465 erat
724 3406 836 3483 ldyrus,
857 3407 895 3464 de
916 3425 973 3481 quo
994 3401 1109 3460 dicendi
1130 3419 1239 3477 genere

84 3503 181 3560 multis
201 3500 419 3577 iam-Stephani
440 3499 510 3556 locis
532 3500 740 3557 admonuimus.
766 3503 822 3558 iam
848 3503 893 3557 vix
914 3500 1029 3556 dubium
1050 3515 1115 3553 esse
1136 3505 1239 3574 potest,

84 3597 154 3674 quin
180 3593 258 3672 apud
278 3593 351 3650 Plio.
374 3593 440 3650 NH.
461 3597 494 3660 5,
514 3598 567 3662 31,
586 3598 637 3660 35,
665 3594 711 3648 ubi
737 3594 811 3651 inter
830 3595 902 3652 alias
923 3593 1004 3667 Lycii
1023 3591 1109 3646 maris
1129 3589 1239 3646 insulas

83 3691 170 3748 etiam
193 3686 293 3760 lllyri
301 3705 314 3742 s
336 3695 521 3752 memoratur,
541 3685 639 3742 itidem
661 3684 775 3758 ldyris
797 3685 1003 3744 restituendum
1024 3685 1069 3740 sit.
1152 3675 1239 3739 Ἕκα·

83 3783 146 3839 teir
164 3781 201 3846 R,
215 3769 346 3844 ’Ἑκατος
366 3777 402 3833 V.
502 3782 528 3833 2.
547 3771 576 3844 ἷξ
596 3777 764 3845 Salmasius,
785 3779 821 3852 ἧς
840 3779 915 3836 libri.
1012 3781 1041 3834 5.
1057 3764 1183 3849 Ἰεραμό
1203 3775 1238 3841 R,

77 3865 223 3952 Ἰεραμιίν
242 3871 280 3927 V.
397 3875 424 3926 a.
440 3863 521 3946 Ἶεριλ
542 3869 635 3944 νῆσος
655 3871 690 3936 X,
709 3863 827 3945 Ἶεριίνη
847 3871 921 3937 libri,
942 3871 991 3944 qui
1012 3887 1074 3926 cum
1096 3876 1163 3945 post
1181 3864 1238 3924 At·

81 3961 199 4045 γόπτου
219 3963 335 4041 plenam
356 3963 614 4040 interpunctionem
635 3963 768 4030 babeant,
789 3975 817 4020 et
831 3965 867 4020 ab
875 3957 955 4036 Ἶεριλ
969 3953 1090 4037 νῆσοςό
1105 3953 1237 4036 ολκήτοιρ

83 4077 187 4116 norrun
214 4053 363 4113 articulum
389 4055 542 4133 incipiant,
567 4057 721 4132 suspiceris
747 4055 819 4113 haec
847 4056 913 4112 olim
939 4057 979 4112 ita
1004 4055 1110 4131 scripta
1131 4052 1238 4108 luisse:

77 4143 232 4224 Ἶιριίνιγ,
256 4139 358 4220 [πόλις
370 4138 633 4220 Πελοποννήσου]
651 4141 743 4222 Ἱερὰ
765 4148 891 4222 νῆσος,
915 4147 1033 4223 [νήσας]
1055 4142 1143 4223 ἓντῷ
1157 4140 1238 4218 Κρη·

81 4243 157 4322 teupi
183 4235 319 4318 πελάγει,
347 4234 388 4307 ὡς
414 4231 538 4316 Κόραξ.
565 4234 630 4297 λ’στι
657 4237 707 4297 καλ
727 4233 901 4316 Αλγόπτου.
929 4233 1099 4313 όολκήτοιρ
1120 4246 1175 4292 etc.
1202 4234 1240 4291 de

84 4336 228 4400 llierana,
260 4353 335 4408 quae
368 4353 423 4390 non
455 4332 568 4390 diversa
595 4341 712 4409 putatur
737 4335 773 4390 ab
800 4335 908 4401 Arene,
935 4333 999 4390 ride
1025 4328 1117 4387 schol.
1145 4326 1239 4404 Apoll.

83 4427 138 4486 Rh.
161 4433 194 4496 1,
215 4431 282 4486 471.
374 4433 401 4485 8.
418 4419 587 4500 ‘laudunice
609 4427 645 4495 Η,
660 4420 740 4503 Ἱερὰ
760 4419 847 4493 πόλις
865 4425 939 4482 libri.
