2866 5092
778 280 827 352 82

227 463 359 548 λέγεται
390 460 445 526 καί
470 455 670 542 Ἀμαζόνιον
697 459 736 525 τό
764 457 939 548 ούόέτερον
962 459 1020 527 όιά
1042 465 1102 527 τοῦ
1125 488 1138 528 ι
1160 461 1217 528 καί
1239 458 1349 548 Ἀμαζ
1369 509 1386 522 -

227 579 328 668 νίύης.

303 690 485 780 Ἀμαθο,
517 691 713 785 ούόετίρως,
742 703 802 784 τῆς
825 693 987 785 Ἀραβίας
1014 695 1150 782 χωρίον,
1186 696 1271 786 ὅπερ
1302 701 1388 782 μετά

226 823 286 886 τοῦ
308 819 327 886 κ
349 821 404 882 νῦν
432 813 586 903 λέγουσιν
609 807 782 898 Ἀκμαθα.
825 815 982 904 κέκληται
1008 815 1046 883 δὲ
1075 811 1146 884 άπό
1173 817 1232 902 τῆς
1260 806 1386 897 άμμου.

109 921 111 926 ’
201 935 314 1024 εφασλ
346 934 407 1020 γὰρ
439 931 478 1000 τό
510 931 599 1000 πολύ
626 937 686 1020 τής
710 929 870 1027 Ἀραβίας
901 933 969 1005 ὑπὸ
998 937 1057 1022 τής
1081 929 1248 1022 Ἐρυθρᾶς
1275 923 1410 1000 πάλαι

138 1121 144 1136 ,
226 1046 507 1133 κατακλύζεσθαι.
542 1045 574 1116 σί
597 1048 766 1140 οἰκήτορες
781 1049 981 1141 Ἀμαθηνοί.

305 1165 480 1255 Ἀμάθη,
510 1163 612 1247 πόλις
644 1168 812 1256 Φοινίκης.
856 1169 928 1241 ἔστι
956 1172 1014 1252 καὶ
1041 1168 1197 1250 Σικελίας
1220 1165 1385 1253 Ἀμαθαί,

226 1291 474 1377 πληθυντικιῦς.
517 1286 555 1354 τό
578 1287 715 1356 ἐθνικόν
737 1284 938 1377 ἀμφοτέρων
959 1287 1162 1371 Ἀμαθαῖος.

305 1405 531 1490 Ἀμαθοῦς,
564 1403 666 1487 πόλις
696 1403 841 1497 Κύπρου
873 1403 1092 1495 ἀρχαιοτάτη,
1127 1405 1162 1474 ἐν
1192 1397 1386 1496 ᾖἈόωνις

188 1521 349 1616 ω”Οσιρις
378 1525 532 1608 ἐτιμᾶτο,
564 1518 603 1592 όν
630 1522 825 1614 Αίγύπτιον
856 1518 935 1592 ῦντα
963 1520 1115 1614 Κύπριοι
1142 1523 1199 1592 καί
1231 1523 1387 1606 Φοίνικες

227 1645 488 1714 ἶόιοποιοῦνται.
532 1639 604 1712 όπό
627 1639 861 1727 Ἀμαθοῦντος
888 1644 926 1712 de*
948 1647 1009 1711 τοῦ
1025 1638 1233 1733 Ἡρακλέους
1255 1640 1385 1732 ἐκλήθη

225 1761 247 1855 ἢ
268 1760 339 1833 άπὸ
360 1768 420 1852 τῆς
440 1760 588 1852 Κινύρου
609 1762 735 1850 μητρός
750 1758 979 1850 Ἀμαθούσης.

304 1881 588 1969 Ἀμαληκῖται,
611 1878 714 1960 ἔθνος
731 1876 932 1968 Ἑβραίκόν.’

303 1996 588 2084 Ἀμαμασσός,
624 1996 726 2079 πόλις
757 1992 918 2087 Κύπρον,
952 2001 987 2069 ἐν
1019 1990 1043 2090 ᾗ
1072 2005 1213 2084 τιμᾶται
1239 1995 1383 2088 Ὑλάτης

186 2147 211 2186 ιε
219 2115 407 2192 Ἀπόλλων.
438 2116 478 2184 τό
501 2113 639 2185 ἔθνικὸν
656 2112 889 2200 Ἀμαμάσσιος
911 2117 968 2185 καὶ
984 2115 1229 2203 Ἀμσμασσεῦς.

299 2231 491 2319 Ἀιιανον,
521 2227 599 2324 ῦρος
625 2234 711 2324 πρός
737 2238 780 2325 τῇ
803 2231 943 2327 Κιλικίᾳ
969 2231 1040 2305 άπὸ
1068 2243 1129 2306 τοῦ
1159 2234 1294 2328 Ταύρου
1322 2266 1382 2308 κα-

223 2361 342 2446 θῆκον.
379 2350 548 2442 ἱστοροῦσι
571 2354 609 2422 de*
630 2354 689 2421 τὸν
703 2349 859 2441 Ὀρέστην
879 2349 950 2422 άπό
970 2351 1110 2444 Ταύρων
1131 2357 1191 2426 σῦν
1203 2352 1383 2449 Ἰφιγενείᾳ

221 2475 281 2564 τ’ήν
297 2466 455 2562 ’Ἀρτεμιν
475 2470 658 2556 κομίσαντα
682 2467 860 2561 [ἐντούτῳ
883 2477 929 2562 τῷ
952 2465 1040 2563 όρει]
1062 2479 1122 2564 τῆς
1141 2473 1265 2558 μανίας
1287 2474 1381 2547 λύσιν

222 2591 338 2683 εῦρεῖν.
384 2585 402 2658 ό
433 2586 574 2679 οἰκήτωρ
602 2587 790 2679 Ἀμανίτης.
835 2588 901 2658 εἶσὶ
928 2592 985 2659 καὶ
1006 2589 1207 2676 Ἀμμανῖται
1236 2594 1297 2662 διὰ
1320 2593 1380 2664 δύο

182 2718 284 2797 νομῇ,
312 2709 407 2799 γένος
432 2711 498 2776 τιῦν
525 2706 732 2795 Ναβαταίων
756 2704 925 2797 Ἀράβων,
952 2705 999 2790 ὡς
1021 2706 1194 2799 Ἰώσηπος.
1233 2713 1379 2804 ἐκλήθη-

221 2856 283 2900 σαν
313 2830 350 2896 όί
378 2823 449 2894 άπό
472 2823 643 2912 Ἀμμάνου
669 2831 730 2894 τοῦ
758 2827 885 2908 παιδός
906 2825 1033 2897 Λώτου
1055 2830 1192 2919 καὶτῆς
1214 2834 1379 2922 νεωτέρας

221 2941 401 3035 θυγατρός.

302 3058 511 3148 Ἀμαντία,
539 3057 707 3150 Ἰλλυριῶν
734 3067 851 3149 μοῖρα,
880 3063 1023 3151 πλησίον
1046 3062 1179 3155 Ὠρικοῦ
1205 3071 1263 3138 καὶ
1291 3080 1376 3162 Κερ-

220 3181 334 3274 κύρας,
365 3181 402 3262 ἐξ
422 3175 591 3266 Ἀβάντων
616 3184 682 3247 τῶν
709 3175 780 3248 dnn
808 3177 932 3267 Τροίας
952 3183 1181 3272 νοστησάντων
1201 3185 1375 3280 ᾠκισμένη.

180 3335 206 3375 τε
219 3301 437 3387 Καλλίμαχος
453 3294 650 3386 Ἀμαντίνην
670 3294 774 3385 αὐτήν
789 3322 901 3388 φησιν.
936 3291 976 3394 ής
991 3303 1030 3372 τό
1048 3307 1200 3392 κτητικόν
1217 3304 1375 3394 Ἀμαντι-

219 3481 418 3496 --—--—--

217 3592 296 3648 lusus
316 3607 392 3646 esse.
510 3594 537 3646 1.
552 3595 581 3647 2.
598 3583 790 3661 Ἀμαζονίδες
809 3590 846 3647 Β.
962 3593 990 3650 4.
1012 3585 1118 3668 ἅμμου
1139 3599 1181 3665 Η,
1207 3593 1320 3675 ψάμου
1339 3605 1375 3671 R,

215 3676 351 3756 ψάμμου
377 3680 437 3738 AV.
471 3679 538 3737 sort.
563 3673 703 3756 ἀμύθου.
838 3686 866 3740 7.
894 3680 1056 3754 Κιλικιάςλ
1196 3696 1260 3752 78.
1286 3688 1375 3770 Ἀμα.

215 3771 277 3832 θιιί
298 3771 514 3847 πληθυντικῶς
538 3773 575 3839 V,
599 3765 738 3848 Ἀμαθαι
763 3760 847 3834 π”κῦ
871 3774 907 3842 R,
934 3768 1128 3850 ύμαθαίπων
1151 3777 1257 3863 κύριον
1284 3793 1317 3846 Α.

216 3875 244 3926 9.
265 3872 312 3925 10.
335 3857 533 3942 Ἀδωνόσιρις
557 3865 593 3922 Β.
737 3873 784 3925 11.
806 3861 1021 3942 Ἀμαθοῦντος
1045 3872 1090 3942 Μ,
1110 3869 1273 3950 Ἀμάθοας
1299 3881 1373 3940 libri.

216 3959 253 4014 cf.
275 3959 370 4015 Tacit.
391 3957 464 4014 Ann.
485 3961 513 4024 3,
534 3959 580 4014 62.
679 3962 725 4015 16.
745 3960 802 4018 τοῦ
822 3961 891 4019 add.
912 3959 988 4020 HR.
1088 3971 1133 4025 17.
1154 3962 1215 4028 ἀπό
1240 3965 1374 4051 Ταύρων

215 4049 284 4106 ndd.
303 4052 356 4128 Pp,
382 4041 443 4106 άπό
467 4040 593 4125 Ταύρου
614 4051 650 4108 R.
768 4058 815 4112 18.
835 4050 868 4111 ἐν
887 4048 987 4134 τούτῳ
1007 4056 1053 4135 τῷ
1072 4049 1135 4136 ὄρει
1155 4061 1256 4119 addidi
1276 4083 1313 4122 ex
1333 4067 1371 4141 gl.

214 4141 323 4200 Suidae
344 4162 368 4199 ε.
390 4159 415 4198 ε.
430 4133 574 4215 Ἀμανον.
671 4147 719 4201 20.
738 4145 801 4202 τῶν
821 4139 983 4220 άβατσίων
1003 4149 1067 4207 RV.
1165 4145 1208 4220 ὡς
1224 4146 1372 4230 Ἰώσηπος

214 4231 292 4306 (Ant.
312 4233 376 4291 lud.
398 4238 430 4301 1,
455 4238 501 4302 11,
522 4235 565 4307 5.)
593 4245 660 4312 post
684 4228 863 4313 ἐκλήθησαν
883 4235 917 4298 δὲ
942 4245 1187 4320 transponendum
1208 4248 1332 4308 videtur.

213 4327 261 4381 21.
281 4317 415 4398 Ἀμάνου
436 4325 473 4382 R.
586 4322 623 4382 ’ίκ
642 4326 698 4402 τῆς
717 4347 771 4404 pro
790 4327 843 4387 καί
862 4332 918 4407 τῆς
937 4333 973 4390 H.
1070 4341 1118 4395 23.
1137 4339 1185 4397 24.
1206 4335 1370 4419 Κερκύρας

210 4417 276 4486 Av,
296 4409 464 4493 Κορκύρας
484 4413 557 4471 HR.
675 4423 723 4478 25.
743 4418 959 4498 Καλλίμαχος]
981 4425 1056 4486 Vide
1076 4451 1100 4488 ιι.
1123 4449 1148 4488 ν.
1163 4427 1317 4505 Ἀβαντίς.
