<?xml version="1.0" encoding="UTF-8"?>
<!DOCTYPE html PUBLIC "-//W3C//DTD XHTML 1.0 Transitional//EN"
    "http://www.w3.org/TR/xhtml1/DTD/xhtml1-transitional.dtd">
<html xmlns="http://www.w3.org/1999/xhtml" xml:lang="en" lang="en">
 <head>
  <title>
</title>
<meta http-equiv="Content-Type" content="text/html;charset=utf-8" />
  <meta name='ocr-system' content='tesseract 3.04.00' />
  <meta name='ocr-capabilities' content='ocr_page ocr_carea ocr_par ocr_line ocrx_word'/>
</head>
<body>
  <div class='ocr_page' id='page_1' title='image "./stephanibyzanti00meingoog_0615.png"; bbox 0 0 2880 5092; ppageno 0'>
   <div class='ocr_carea' id='block_1_1' title="bbox 756 203 831 278">
    <p class='ocr_par' dir='ltr' id='par_1_1' title="bbox 756 203 831 278">
     <span class='ocr_line' id='line_1_1' title="bbox 756 203 831 278; baseline -0.027 0"><span class='ocrx_word' id='word_1_1' title='bbox 756 203 831 278; x_wconf 86' lang='grc'><strong><em>602</em></strong></span> 
     </span>
    </p>
   </div>
   <div class='ocr_carea' id='block_1_2' title="bbox 83 365 1428 2626">
    <p class='ocr_par' dir='ltr' id='par_1_2' title="bbox 83 365 1428 2626">
     <span class='ocr_line' id='line_1_2' title="bbox 306 365 1380 482; baseline 0.007 -30"><span class='ocrx_word' id='word_1_2' title='bbox 306 379 452 466; x_wconf 86' lang='grc' dir='ltr'><strong><em>Τάνος,</em></strong></span> <span class='ocrx_word' id='word_1_3' title='bbox 487 380 589 465; x_wconf 80' lang='grc' dir='ltr'><strong><em>πόλις</em></strong></span> <span class='ocrx_word' id='word_1_4' title='bbox 621 380 769 475; x_wconf 78' lang='grc' dir='ltr'><strong><em>Κρήτης,</em></strong></span> <span class='ocrx_word' id='word_1_5' title='bbox 806 365 853 466; x_wconf 78' lang='grc' dir='ltr'><strong><em>ὥς</em></strong></span> <span class='ocrx_word' id='word_1_6' title='bbox 882 381 1125 478; x_wconf 72' lang='grc' dir='ltr'><strong><em>Ἀρτεμίδωρος</em></strong></span> <span class='ocrx_word' id='word_1_7' title='bbox 1140 395 1141 400; x_wconf 75' lang='grc'>’</span> <span class='ocrx_word' id='word_1_8' title='bbox 1156 387 1195 458; x_wconf 72' lang='grc' dir='ltr'><strong><em>ἐν</em></strong></span> <span class='ocrx_word' id='word_1_9' title='bbox 1226 385 1380 482; x_wconf 70' lang='grc' dir='ltr'><strong><em>τετάρτῳ</em></strong></span> 
     </span>
     <span class='ocr_line' id='line_1_3' title="bbox 83 500 937 596; baseline 0.002 -23"><span class='ocrx_word' id='word_1_10' title='bbox 83 591 90 596; x_wconf 23' lang='grc' dir='ltr'><em>Π</em></span> <span class='ocrx_word' id='word_1_11' title='bbox 213 503 542 594; x_wconf 62' lang='grc' dir='ltr'><strong><em>χεωχραφουμένων.</em></strong></span> <span class='ocrx_word' id='word_1_12' title='bbox 573 503 611 572; x_wconf 89' lang='grc' dir='ltr'><strong><em>τό</em></strong></span> <span class='ocrx_word' id='word_1_13' title='bbox 638 500 777 572; x_wconf 80' lang='grc' dir='ltr'><strong><em>ίθνικόν</em></strong></span> <span class='ocrx_word' id='word_1_14' title='bbox 802 501 937 587; x_wconf 87' lang='grc' dir='ltr'><strong><em>Τάνιος.</em></strong></span> 
     </span>
     <span class='ocr_line' id='line_1_4' title="bbox 302 617 1383 714; baseline 0.005 -23"><span class='ocrx_word' id='word_1_15' title='bbox 302 618 524 704; x_wconf 77' lang='grc' dir='ltr'><strong><em>Τάνταλος,</em></strong></span> <span class='ocrx_word' id='word_1_16' title='bbox 553 617 632 714; x_wconf 84' lang='grc' dir='ltr'><strong><em>όρος</em></strong></span> <span class='ocrx_word' id='word_1_17' title='bbox 653 625 812 710; x_wconf 80' lang='grc' dir='ltr'><strong><em>Λέσβου,</em></strong></span> <span class='ocrx_word' id='word_1_18' title='bbox 841 619 912 696; x_wconf 84' lang='grc' dir='ltr'><strong><em>άπὸ</em></strong></span> <span class='ocrx_word' id='word_1_19' title='bbox 938 623 1122 711; x_wconf 79' lang='grc' dir='ltr'><strong><em>Ταντάλου.</em></strong></span> <span class='ocrx_word' id='word_1_20' title='bbox 1166 626 1206 696; x_wconf 87' lang='grc' dir='ltr'><strong><em>τό</em></strong></span> <span class='ocrx_word' id='word_1_21' title='bbox 1233 623 1383 708; x_wconf 83' lang='grc' dir='ltr'><strong><em>ἐθνικὸν</em></strong></span> 
     </span>
     <span class='ocr_line' id='line_1_5' title="bbox 215 737 698 833; baseline -0.004 -21"><span class='ocrx_word' id='word_1_22' title='bbox 215 741 402 824; x_wconf 78' lang='grc' dir='ltr'><strong><em>Ταντάλους</em></strong></span> <span class='ocrx_word' id='word_1_23' title='bbox 421 737 469 823; x_wconf 84' lang='grc' dir='ltr'><strong><em>ὡς</em></strong></span> <span class='ocrx_word' id='word_1_24' title='bbox 493 738 698 833; x_wconf 82' lang='grc' dir='ltr'><strong><em>Φαρσάλιος.</em></strong></span> 
     </span>
     <span class='ocr_line' id='line_1_6' title="bbox 186 859 1428 955; baseline 0.002 -28"><span class='ocrx_word' id='word_1_25' title='bbox 186 882 199 920; x_wconf 77' lang='lat'><strong>⁵</strong></span> <span class='ocrx_word' id='word_1_26' title='bbox 303 859 502 944; x_wconf 83' lang='grc' dir='ltr'><strong><em>Ταξίανα,</em></strong></span> <span class='ocrx_word' id='word_1_27' title='bbox 525 867 625 953; x_wconf 83' lang='grc' dir='ltr'><strong><em>νῆσος</em></strong></span> <span class='ocrx_word' id='word_1_28' title='bbox 646 865 726 954; x_wconf 81' lang='grc' dir='ltr'><strong><em>περὶ</em></strong></span> <span class='ocrx_word' id='word_1_29' title='bbox 744 863 805 931; x_wconf 88' lang='grc' dir='ltr'><strong><em>τόν</em></strong></span> <span class='ocrx_word' id='word_1_30' title='bbox 825 861 974 955; x_wconf 78' lang='grc' dir='ltr'><strong><em>Πρλιύδη</em></strong></span> <span class='ocrx_word' id='word_1_31' title='bbox 995 861 1125 934; x_wconf 89' lang='grc' dir='ltr'><strong><em>κόλπον</em></strong></span> <span class='ocrx_word' id='word_1_32' title='bbox 1144 869 1204 954; x_wconf 83' lang='grc' dir='ltr'><strong><em>τῆς</em></strong></span> <span class='ocrx_word' id='word_1_33' title='bbox 1225 873 1377 938; x_wconf 84' lang='grc' dir='ltr'><strong><em>Σουσια-</em></strong></span> <span class='ocrx_word' id='word_1_34' title='bbox 1425 925 1428 930; x_wconf 80' lang='grc'><strong><em>,</em></strong></span> 
     </span>
     <span class='ocr_line' id='line_1_7' title="bbox 211 977 1376 1077; baseline 0.003 -25"><span class='ocrx_word' id='word_1_35' title='bbox 211 987 280 1073; x_wconf 81' lang='grc' dir='ltr'><strong><em>νῆς.</em></strong></span> <span class='ocrx_word' id='word_1_36' title='bbox 312 983 351 1052; x_wconf 91' lang='grc' dir='ltr'><strong><em>τό</em></strong></span> <span class='ocrx_word' id='word_1_37' title='bbox 368 977 505 1050; x_wconf 72' lang='grc' dir='ltr'><strong><em>ἐθνικύν</em></strong></span> <span class='ocrx_word' id='word_1_38' title='bbox 524 980 709 1064; x_wconf 85' lang='grc' dir='ltr'><strong><em>Ταξιανεύς</em></strong></span> <span class='ocrx_word' id='word_1_39' title='bbox 729 977 776 1063; x_wconf 81' lang='grc' dir='ltr'><strong><em>ὡς</em></strong></span> <span class='ocrx_word' id='word_1_40' title='bbox 791 977 961 1065; x_wconf 80' lang='grc' dir='ltr'><strong><em>Ἀδανεύς.</em></strong></span> <span class='ocrx_word' id='word_1_41' title='bbox 991 980 1169 1074; x_wconf 69' lang='grc' dir='ltr'><strong><em>...όχδόρλ</em></strong></span> <span class='ocrx_word' id='word_1_42' title='bbox 1204 990 1253 1074; x_wconf 80' lang='grc' dir='ltr'><strong><em>τῷ</em></strong></span> <span class='ocrx_word' id='word_1_43' title='bbox 1274 983 1376 1077; x_wconf 84' lang='grc' dir='ltr'><strong><em>τύπῳ</em></strong></span> 
     </span>
     <span class='ocr_line' id='line_1_8' title="bbox 211 1096 921 1194; baseline -0.001 -24"><span class='ocrx_word' id='word_1_44' title='bbox 211 1107 270 1194; x_wconf 81' lang='grc' dir='ltr'><strong><em>τῆς</em></strong></span> <span class='ocrx_word' id='word_1_45' title='bbox 289 1099 399 1191; x_wconf 82' lang='grc' dir='ltr'><strong><em>χώρας</em></strong></span> <span class='ocrx_word' id='word_1_46' title='bbox 425 1096 642 1190; x_wconf 80' lang='grc' dir='ltr'><strong><em>Ταξιανηνύς.</em></strong></span> <span class='ocrx_word' id='word_1_47' title='bbox 917 1123 921 1128; x_wconf 86' lang='grc'><strong><em>·</em></strong></span> 
     </span>
     <span class='ocr_line' id='line_1_9' title="bbox 301 1215 1374 1312; baseline 0.002 -22"><span class='ocrx_word' id='word_1_48' title='bbox 301 1217 475 1301; x_wconf 81' lang='grc' dir='ltr'><strong><em>Τάξιλα,</em></strong></span> <span class='ocrx_word' id='word_1_49' title='bbox 503 1216 606 1300; x_wconf 84' lang='grc' dir='ltr'><strong><em>πόλις</em></strong></span> <span class='ocrx_word' id='word_1_50' title='bbox 628 1215 760 1311; x_wconf 78' lang='grc' dir='ltr'><strong><em>Ἰνδική.</em></strong></span> <span class='ocrx_word' id='word_1_51' title='bbox 797 1217 957 1312; x_wconf 79' lang='grc' dir='ltr'><strong><em>Στράβων</em></strong></span> <span class='ocrx_word' id='word_1_52' title='bbox 979 1217 1031 1290; x_wconf 84' lang='grc' dir='ltr'><strong><em>ιε’.</em></strong></span> <span class='ocrx_word' id='word_1_53' title='bbox 1072 1223 1112 1292; x_wconf 85' lang='grc' dir='ltr'><strong><em>τό</em></strong></span> <span class='ocrx_word' id='word_1_54' title='bbox 1134 1222 1273 1292; x_wconf 83' lang='grc' dir='ltr'><strong><em>ἒθνικόν</em></strong></span> <span class='ocrx_word' id='word_1_55' title='bbox 1302 1232 1374 1292; x_wconf 87' lang='grc' dir='ltr'><strong><em>Τα-</em></strong></span> 
     </span>
     <span class='ocr_line' id='line_1_10' title="bbox 107 1335 1374 1436; baseline 0.003 -28"><span class='ocrx_word' id='word_1_56' title='bbox 107 1377 109 1386; x_wconf 40' lang='lat' dir='ltr'>v</span> <span class='ocrx_word' id='word_1_57' title='bbox 211 1338 336 1429; x_wconf 84' lang='grc' dir='ltr'><strong><em>ξιλίτης</em></strong></span> <span class='ocrx_word' id='word_1_58' title='bbox 356 1344 404 1430; x_wconf 81' lang='grc' dir='ltr'><strong><em>τῷ</em></strong></span> <span class='ocrx_word' id='word_1_59' title='bbox 423 1342 482 1428; x_wconf 78' lang='grc' dir='ltr'><strong><em>τῆς</em></strong></span> <span class='ocrx_word' id='word_1_60' title='bbox 500 1335 611 1429; x_wconf 82' lang='grc' dir='ltr'><strong><em>χώρας</em></strong></span> <span class='ocrx_word' id='word_1_61' title='bbox 631 1337 727 1431; x_wconf 84' lang='grc' dir='ltr'><strong><em>τύπῳ</em></strong></span> <span class='ocrx_word' id='word_1_62' title='bbox 745 1342 806 1409; x_wconf 82' lang='grc' dir='ltr'><strong><em>καί</em></strong></span> <span class='ocrx_word' id='word_1_63' title='bbox 831 1336 1031 1431; x_wconf 80' lang='grc' dir='ltr'><strong><em>Ταξιληνός,</em></strong></span> <span class='ocrx_word' id='word_1_64' title='bbox 1056 1346 1105 1431; x_wconf 76' lang='grc' dir='ltr'><strong><em>τῷ</em></strong></span> <span class='ocrx_word' id='word_1_65' title='bbox 1126 1343 1165 1414; x_wconf 76' lang='grc' dir='ltr'><strong><em>δὲ</em></strong></span> <span class='ocrx_word' id='word_1_66' title='bbox 1187 1339 1266 1432; x_wconf 79' lang='grc' dir='ltr'><strong><em>παρ’</em></strong></span> <span class='ocrx_word' id='word_1_67' title='bbox 1292 1340 1374 1436; x_wconf 74' lang='grc' dir='ltr'><strong><em>ἡμῖν</em></strong></span> 
     </span>
     <span class='ocr_line' id='line_1_11' title="bbox 171 1456 1262 1544; baseline -0.001 -16"><span class='ocrx_word' id='word_1_68' title='bbox 171 1489 197 1528; x_wconf 88' lang='grc' dir='ltr'><strong><em>ιο</em></strong></span> <span class='ocrx_word' id='word_1_69' title='bbox 214 1456 387 1540; x_wconf 85' lang='grc' dir='ltr'><strong><em>Ταξιλιύς.</em></strong></span> <span class='ocrx_word' id='word_1_70' title='bbox 1261 1541 1262 1544; x_wconf 9' lang='lat'>¹</span> 
     </span>
     <span class='ocr_line' id='line_1_12' title="bbox 300 1573 1373 1670; baseline 0.002 -23"><span class='ocrx_word' id='word_1_71' title='bbox 300 1573 467 1664; x_wconf 78' lang='grc' dir='ltr'><strong><em>Τάοχοι,</em></strong></span> <span class='ocrx_word' id='word_1_72' title='bbox 489 1576 592 1661; x_wconf 70' lang='grc' dir='ltr'><strong><em>ἔθνος</em></strong></span> <span class='ocrx_word' id='word_1_73' title='bbox 613 1580 774 1668; x_wconf 81' lang='grc' dir='ltr'><strong><em>ἐνδοτέρω</em></strong></span> <span class='ocrx_word' id='word_1_74' title='bbox 789 1582 851 1648; x_wconf 83' lang='grc' dir='ltr'><strong><em>τού</em></strong></span> <span class='ocrx_word' id='word_1_75' title='bbox 865 1575 1010 1647; x_wconf 86' lang='grc' dir='ltr'><strong><em>Πόντου.</em></strong></span> <span class='ocrx_word' id='word_1_76' title='bbox 1044 1580 1101 1648; x_wconf 82' lang='grc' dir='ltr'><strong><em>καὶ</em></strong></span> <span class='ocrx_word' id='word_1_77' title='bbox 1117 1575 1137 1670; x_wconf 81' lang='grc' dir='ltr'><em>ἡ</em></span> <span class='ocrx_word' id='word_1_78' title='bbox 1151 1576 1245 1669; x_wconf 88' lang='grc' dir='ltr'><strong><em>χιύρα</em></strong></span> <span class='ocrx_word' id='word_1_79' title='bbox 1268 1579 1373 1656; x_wconf 74' lang='grc' dir='ltr'><strong><em>οὕτω.</em></strong></span> 
     </span>
     <span class='ocr_line' id='line_1_13' title="bbox 208 1693 1372 1794; baseline 0.002 -27"><span class='ocrx_word' id='word_1_80' title='bbox 208 1695 347 1781; x_wconf 88' lang='grc' dir='ltr'><strong><em>τούτους</em></strong></span> <span class='ocrx_word' id='word_1_81' title='bbox 373 1702 461 1782; x_wconf 78' lang='grc' dir='ltr'><strong><em>τινός</em></strong></span> <span class='ocrx_word' id='word_1_82' title='bbox 487 1695 619 1779; x_wconf 86' lang='grc' dir='ltr'><strong><em>Τάους</em></strong></span> <span class='ocrx_word' id='word_1_83' title='bbox 648 1700 822 1794; x_wconf 83' lang='grc' dir='ltr'><strong><em>καλοῦσιν,</em></strong></span> <span class='ocrx_word' id='word_1_84' title='bbox 842 1693 898 1779; x_wconf 59' lang='grc' dir='ltr'><strong><em>,ὡς</em></strong></span> <span class='ocrx_word' id='word_1_85' title='bbox 918 1696 1126 1790; x_wconf 78' lang='grc' dir='ltr'><strong><em>Σοφαίνετος</em></strong></span> <span class='ocrx_word' id='word_1_86' title='bbox 1152 1699 1188 1770; x_wconf 74' lang='grc' dir='ltr'><strong><em>ἐν</em></strong></span> <span class='ocrx_word' id='word_1_87' title='bbox 1213 1704 1256 1790; x_wconf 81' lang='grc' dir='ltr'><strong><em>τῇ</em></strong></span> <span class='ocrx_word' id='word_1_88' title='bbox 1284 1697 1372 1769; x_wconf 87' lang='grc' dir='ltr'><strong><em>άνα-</em></strong></span> 
     </span>
     <span class='ocr_line' id='line_1_14' title="bbox 206 1815 424 1911; baseline -0.009 -21"><span class='ocrx_word' id='word_1_89' title='bbox 206 1815 309 1906; x_wconf 84' lang='grc' dir='ltr'><strong><em>βάσει</em></strong></span> <span class='ocrx_word' id='word_1_90' title='bbox 329 1818 424 1911; x_wconf 78' lang='grc' dir='ltr'><strong><em>φησί.</em></strong></span> 
     </span>
     <span class='ocr_line' id='line_1_15' title="bbox 100 1932 1373 2030; baseline 0.002 -24"><span class='ocrx_word' id='word_1_91' title='bbox 100 1937 110 1954; x_wconf 86' lang='lat'>&#39;</span> <span class='ocrx_word' id='word_1_92' title='bbox 298 1935 565 2030; x_wconf 91' lang='grc' dir='ltr'><strong><em>Ταπόσειρις,</em></strong></span> <span class='ocrx_word' id='word_1_93' title='bbox 596 1934 699 2021; x_wconf 86' lang='grc' dir='ltr'><strong><em>πόλις</em></strong></span> <span class='ocrx_word' id='word_1_94' title='bbox 724 1932 906 2026; x_wconf 73' lang='grc' dir='ltr'><strong><em>Αἰγύπτου</em></strong></span> <span class='ocrx_word' id='word_1_95' title='bbox 933 1935 1077 2028; x_wconf 75' lang='grc' dir='ltr'><strong><em>πλησίον</em></strong></span> <span class='ocrx_word' id='word_1_96' title='bbox 1100 1934 1373 2028; x_wconf 76' lang='grc' dir='ltr'><strong><em>Ἀλεξανδρείας.</em></strong></span> 
     </span>
     <span class='ocr_line' id='line_1_16' title="bbox 170 2053 673 2148; baseline 0.004 -24"><span class='ocrx_word' id='word_1_97' title='bbox 170 2053 228 2128; x_wconf 74' lang='grc' dir='ltr'><strong><em>τιό</em></strong></span> <span class='ocrx_word' id='word_1_98' title='bbox 252 2056 392 2146; x_wconf 82' lang='grc' dir='ltr'><strong><em>πολίτης</em></strong></span> <span class='ocrx_word' id='word_1_99' title='bbox 415 2055 673 2148; x_wconf 81' lang='grc' dir='ltr'><strong><em>Ταποσειρίτρς.</em></strong></span> 
     </span>
     <span class='ocr_line' id='line_1_17' title="bbox 298 2109 1370 2274; baseline 0.003 -30"><span class='ocrx_word' id='word_1_100' title='bbox 298 2174 562 2274; x_wconf 81' lang='grc' dir='ltr'><strong><em>Ταπροβάνη,</em></strong></span> <span class='ocrx_word' id='word_1_101' title='bbox 597 2181 698 2268; x_wconf 84' lang='grc' dir='ltr'><strong><em>νῆσος</em></strong></span> <span class='ocrx_word' id='word_1_102' title='bbox 728 2173 865 2265; x_wconf 80' lang='grc' dir='ltr'><strong><em>μεγίστη</em></strong></span> <span class='ocrx_word' id='word_1_103' title='bbox 899 2176 934 2245; x_wconf 76' lang='grc' dir='ltr'><strong><em>ἓν</em></strong></span> <span class='ocrx_word' id='word_1_104' title='bbox 964 2181 1007 2269; x_wconf 76' lang='grc' dir='ltr'><strong><em>τῇ</em></strong></span> <span class='ocrx_word' id='word_1_105' title='bbox 1037 2173 1158 2268; x_wconf 77' lang='grc' dir='ltr'><strong><em>Ἰνδικῇ</em></strong></span> <span class='ocrx_word' id='word_1_106' title='bbox 1190 2109 1370 2268; x_wconf 75' lang='grc' dir='ltr'><strong><em>θαλάσσῃ.</em></strong></span> 
     </span>
     <span class='ocr_line' id='line_1_18' title="bbox 200 2290 1110 2385; baseline -0.008 -18.653"><span class='ocrx_word' id='word_1_107' title='bbox 200 2290 463 2385; x_wconf 68' lang='grc' dir='ltr'><strong><em>Ἀλέξανδροςε</em></strong></span> <span class='ocrx_word' id='word_1_108' title='bbox 447 2322 466 2364; x_wconf 91' lang='grc' dir='ltr'><strong><em>ο</em></strong></span> <span class='ocrx_word' id='word_1_109' title='bbox 489 2295 546 2362; x_wconf 79' lang='grc' dir='ltr'><strong><em>καί</em></strong></span> <span class='ocrx_word' id='word_1_110' title='bbox 566 2292 702 2380; x_wconf 83' lang='grc' dir='ltr'><strong><em>Λύχνος</em></strong></span> <span class='ocrx_word' id='word_1_111' title='bbox 1106 2333 1110 2342; x_wconf 88' lang='lat'><em>·</em></span> 
     </span>
     <span class='ocr_line' id='line_1_19' title="bbox 334 2407 1202 2514; baseline 0.002 -31"><span class='ocrx_word' id='word_1_112' title='bbox 334 2418 434 2506; x_wconf 75' lang='grc' dir='ltr'><strong><em>νῆσος</em></strong></span> <span class='ocrx_word' id='word_1_113' title='bbox 455 2411 712 2514; x_wconf 82' lang='grc' dir='ltr'><strong><em>τετράπλευρος,</em></strong></span> <span class='ocrx_word' id='word_1_114' title='bbox 736 2407 960 2504; x_wconf 76' lang='grc' dir='ltr'><strong><em>άλιστέφανος</em></strong></span> <span class='ocrx_word' id='word_1_115' title='bbox 985 2414 1202 2506; x_wconf 79' lang='grc' dir='ltr'><strong><em>Ταπροβάνη,</em></strong></span> 
     </span>
     <span class='ocr_line' id='line_1_20' title="bbox 334 2529 1129 2626; baseline -0.001 -23"><span class='ocrx_word' id='word_1_116' title='bbox 334 2531 527 2626; x_wconf 79' lang='grc' dir='ltr'><strong><em>θηρονόμος</em></strong></span> <span class='ocrx_word' id='word_1_117' title='bbox 549 2533 728 2624; x_wconf 79' lang='grc' dir='ltr'><strong><em>πίπλρθεν</em></strong></span> <span class='ocrx_word' id='word_1_118' title='bbox 748 2529 906 2623; x_wconf 73' lang='grc' dir='ltr'><strong><em>ἐυρρίνων</em></strong></span> <span class='ocrx_word' id='word_1_119' title='bbox 927 2531 1129 2625; x_wconf 74' lang='grc' dir='ltr'><strong><em>ἐλεφάντων.</em></strong></span> 
     </span>
    </p>
   </div>
   <div class='ocr_carea' id='block_1_3' title="bbox 23 2631 1370 2747">
    <p class='ocr_par' dir='ltr' id='par_1_3' title="bbox 23 2631 1370 2747">
     <span class='ocr_line' id='line_1_21' title="bbox 23 2631 1370 2747; baseline 0.01 -33"><span class='ocrx_word' id='word_1_120' title='bbox 23 2691 29 2700; x_wconf 89' lang='lat'>·</span> <span class='ocrx_word' id='word_1_121' title='bbox 86 2693 87 2698; x_wconf 21' lang='grc' dir='ltr'><strong><em>κ</em></strong></span> <span class='ocrx_word' id='word_1_122' title='bbox 167 2647 354 2746; x_wconf 73' lang='grc' dir='ltr'><strong><em>ιοῆπάλαι</em></strong></span> <span class='ocrx_word' id='word_1_123' title='bbox 367 2655 429 2740; x_wconf 80' lang='grc' dir='ltr'><strong><em>μὲν</em></strong></span> <span class='ocrx_word' id='word_1_124' title='bbox 446 2655 594 2725; x_wconf 74' lang='grc' dir='ltr'><strong><em>ἐκαλεῖτο</em></strong></span> <span class='ocrx_word' id='word_1_125' title='bbox 610 2649 856 2740; x_wconf 79' lang='grc' dir='ltr'><strong><em>Σιμούνδου,</em></strong></span> <span class='ocrx_word' id='word_1_126' title='bbox 878 2656 936 2722; x_wconf 82' lang='grc' dir='ltr'><strong><em>νῦν</em></strong></span> <span class='ocrx_word' id='word_1_127' title='bbox 951 2654 990 2724; x_wconf 80' lang='grc' dir='ltr'><strong><em>δά</em></strong></span> <span class='ocrx_word' id='word_1_128' title='bbox 1004 2631 1173 2745; x_wconf 81' lang='grc' dir='ltr'><strong><em>Σαλική,</em></strong></span> <span class='ocrx_word' id='word_1_129' title='bbox 1195 2657 1289 2725; x_wconf 86' lang='grc' dir='ltr'><strong><em>πλού</em></strong></span> <span class='ocrx_word' id='word_1_130' title='bbox 1302 2661 1370 2747; x_wconf 77' lang='grc' dir='ltr'><strong><em>μῆ·</em></strong></span> 
     </span>
    </p>
   </div>
   <div class='ocr_carea' id='block_1_4' title="bbox 205 2769 1370 3103">
    <p class='ocr_par' dir='ltr' id='par_1_4' title="bbox 205 2769 1370 3106">
     <span class='ocr_line' id='line_1_22' title="bbox 206 2769 1370 2858; baseline 0.002 -16"><span class='ocrx_word' id='word_1_131' title='bbox 206 2801 274 2855; x_wconf 88' lang='grc' dir='ltr'><strong><em>κος.</em></strong></span> <span class='ocrx_word' id='word_1_132' title='bbox 315 2769 401 2844; x_wconf 83' lang='grc' dir='ltr'><strong><em>οόσα</em></strong></span> <span class='ocrx_word' id='word_1_133' title='bbox 423 2769 563 2858; x_wconf 78' lang='grc' dir='ltr'><strong><em>ἑπτάκις</em></strong></span> <span class='ocrx_word' id='word_1_134' title='bbox 584 2799 653 2842; x_wconf 90' lang='grc' dir='ltr'><strong><em>που</em></strong></span> <span class='ocrx_word' id='word_1_135' title='bbox 671 2769 788 2856; x_wconf 91' lang='grc' dir='ltr'><strong><em>χιλίων</em></strong></span> <span class='ocrx_word' id='word_1_136' title='bbox 810 2769 965 2853; x_wconf 84' lang='grc' dir='ltr'><strong><em>σταδίων,</em></strong></span> <span class='ocrx_word' id='word_1_137' title='bbox 989 2769 1118 2855; x_wconf 85' lang='grc' dir='ltr'><strong><em>πλάτος</em></strong></span> <span class='ocrx_word' id='word_1_138' title='bbox 1140 2776 1179 2843; x_wconf 74' lang='grc' dir='ltr'><strong><em>δὲ</em></strong></span> <span class='ocrx_word' id='word_1_139' title='bbox 1201 2801 1370 2844; x_wconf 81' lang='grc' dir='ltr'><strong><em>πεντακο-</em></strong></span> 
     </span>
     <span class='ocr_line' id='line_1_23' title="bbox 205 2888 1368 2996; baseline -0.001 -34"><span class='ocrx_word' id='word_1_140' title='bbox 205 2891 297 2962; x_wconf 91' lang='grc' dir='ltr'><strong><em>σίων.</em></strong></span> <span class='ocrx_word' id='word_1_141' title='bbox 341 2891 384 2961; x_wconf 89' lang='grc' dir='ltr'><strong><em>τά</em></strong></span> <span class='ocrx_word' id='word_1_142' title='bbox 406 2889 491 2962; x_wconf 81' lang='grc' dir='ltr'><strong><em>αύτά</em></strong></span> <span class='ocrx_word' id='word_1_143' title='bbox 513 2895 552 2963; x_wconf 81' lang='grc' dir='ltr'><strong><em>δὲ</em></strong></span> <span class='ocrx_word' id='word_1_144' title='bbox 573 2893 631 2961; x_wconf 84' lang='grc' dir='ltr'><strong><em>καὶ</em></strong></span> <span class='ocrx_word' id='word_1_145' title='bbox 651 2888 896 2996; x_wconf 70' lang='grc' dir='ltr'><strong><em>Ἀρτεμίδωρος</em></strong></span> <span class='ocrx_word' id='word_1_146' title='bbox 915 2888 1021 2982; x_wconf 76' lang='grc' dir='ltr'><strong><em>ἐνάτῳ</em></strong></span> <span class='ocrx_word' id='word_1_147' title='bbox 1043 2893 1368 2984; x_wconf 78' lang='grc' dir='ltr'><strong><em>χεωχραφουμόνων.</em></strong></span> 
     </span>
     <span class='ocr_line' id='line_1_24' title="bbox 295 3003 1370 3103; baseline 0.002 -25"><span class='ocrx_word' id='word_1_148' title='bbox 295 3008 523 3103; x_wconf 88' lang='grc' dir='ltr'><strong><em>Τάπυρροι,</em></strong></span> <span class='ocrx_word' id='word_1_149' title='bbox 559 3007 599 3081; x_wconf 85' lang='grc' dir='ltr'><strong><em>ού</em></strong></span> <span class='ocrx_word' id='word_1_150' title='bbox 631 3007 747 3100; x_wconf 90' lang='grc' dir='ltr'><strong><em>πόρρω</em></strong></span> <span class='ocrx_word' id='word_1_151' title='bbox 775 3006 953 3100; x_wconf 82' lang='grc' dir='ltr'><strong><em>Ὑρκανίας</em></strong></span> <span class='ocrx_word' id='word_1_152' title='bbox 984 3007 1097 3094; x_wconf 75' lang='grc' dir='ltr'><strong><em>ἔθνος.</em></strong></span> <span class='ocrx_word' id='word_1_153' title='bbox 1122 3003 1370 3102; x_wconf 84' lang='grc' dir='ltr'><strong><em>ΙΚουάδρατος</em></strong></span> 
     </span>
    </p>
   </div>
   <div class='ocr_carea' id='block_1_5' title="bbox 126 3128 1064 3224">
    <p class='ocr_par' dir='ltr' id='par_1_5' title="bbox 79 3093 1064 3224">
     <span class='ocr_line' id='line_1_25' title="bbox 126 3128 1064 3224; baseline -0.001 -23.048"><span class='ocrx_word' id='word_1_154' title='bbox 126 3153 127 3158; x_wconf 74' lang='grc'>’</span> <span class='ocrx_word' id='word_1_155' title='bbox 209 3128 429 3223; x_wconf 89' lang='grc' dir='ltr'><strong><em>Τάπουρρα</em></strong></span> <span class='ocrx_word' id='word_1_156' title='bbox 456 3129 550 3224; x_wconf 72' lang='grc' dir='ltr'><strong><em>φησί.</em></strong></span> <span class='ocrx_word' id='word_1_157' title='bbox 593 3131 632 3201; x_wconf 83' lang='grc' dir='ltr'><strong><em>τὸ</em></strong></span> <span class='ocrx_word' id='word_1_158' title='bbox 655 3131 793 3201; x_wconf 79' lang='grc' dir='ltr'><strong><em>ίθνικόν</em></strong></span> <span class='ocrx_word' id='word_1_159' title='bbox 820 3139 1064 3223; x_wconf 81' lang='grc' dir='ltr'><strong><em>Ταπουρραῖοι.</em></strong></span> 
     </span>
    </p>
   </div>
   <div class='ocr_carea' id='block_1_6' title="bbox 166 3246 1345 3342">
    <p class='ocr_par' dir='ltr' id='par_1_6' title="bbox 166 3246 1345 3342">
     <span class='ocr_line' id='line_1_26' title="bbox 166 3246 1345 3342; baseline 0.003 -26"><span class='ocrx_word' id='word_1_160' title='bbox 166 3276 192 3316; x_wconf 76' lang='grc' dir='ltr'><strong><em>τε</em></strong></span> <span class='ocrx_word' id='word_1_161' title='bbox 293 3250 541 3342; x_wconf 88' lang='grc' dir='ltr'><strong><em>Τάρανδρος,</em></strong></span> <span class='ocrx_word' id='word_1_162' title='bbox 562 3255 670 3342; x_wconf 81' lang='grc' dir='ltr'><strong><em>χῶρος</em></strong></span> <span class='ocrx_word' id='word_1_163' title='bbox 695 3249 853 3342; x_wconf 77' lang='grc' dir='ltr'><strong><em>Φρυγίας.</em></strong></span> <span class='ocrx_word' id='word_1_164' title='bbox 894 3252 934 3323; x_wconf 88' lang='grc' dir='ltr'><strong><em>τό</em></strong></span> <span class='ocrx_word' id='word_1_165' title='bbox 956 3251 1094 3322; x_wconf 75' lang='grc' dir='ltr'><strong><em>ἐθνικόν</em></strong></span> <span class='ocrx_word' id='word_1_166' title='bbox 1119 3246 1345 3340; x_wconf 87' lang='grc' dir='ltr'><strong><em>Ταράνδριος.</em></strong></span> 
     </span>
    </p>
   </div>
   <div class='ocr_carea' id='block_1_7' title="bbox 71 3529 1368 4280">
    <p class='ocr_par' dir='ltr' id='par_1_7' title="bbox 71 3529 1368 4280">
     <span class='ocr_line' id='line_1_27' title="bbox 71 3529 1366 3626; baseline 0.001 -24"><span class='ocrx_word' id='word_1_167' title='bbox 71 3529 83 3554; x_wconf 78' lang='lat'><em>⁰</em></span> <span class='ocrx_word' id='word_1_168' title='bbox 204 3549 231 3602; x_wconf 88' lang='lat'><strong>1.</strong></span> <span class='ocrx_word' id='word_1_169' title='bbox 256 3538 372 3620; x_wconf 88' lang='grc' dir='ltr'><strong><em>Τάνος]</em></strong></span> <span class='ocrx_word' id='word_1_170' title='bbox 396 3547 507 3606; x_wconf 75' lang='lat' dir='ltr'>Eadem</span> <span class='ocrx_word' id='word_1_171' title='bbox 533 3565 607 3624; x_wconf 79' lang='lat' dir='ltr'>quae</span> <span class='ocrx_word' id='word_1_172' title='bbox 633 3565 721 3626; x_wconf 77' lang='lat' dir='ltr'><strong>supra</strong></span> <span class='ocrx_word' id='word_1_173' title='bbox 744 3539 873 3617; x_wconf 83' lang='grc' dir='ltr'><strong><em>Ἰτανός,</em></strong></span> <span class='ocrx_word' id='word_1_174' title='bbox 899 3547 994 3605; x_wconf 81' lang='lat' dir='ltr'>iudice</span> <span class='ocrx_word' id='word_1_175' title='bbox 1020 3546 1057 3605; x_wconf 87' lang='lat' dir='ltr'><strong><em>H.</em></strong></span> <span class='ocrx_word' id='word_1_176' title='bbox 1083 3544 1136 3610; x_wconf 71' lang='lat' dir='ltr'><strong><em>sed</em></strong></span> <span class='ocrx_word' id='word_1_177' title='bbox 1159 3543 1226 3602; x_wconf 76' lang='lat' dir='ltr'>vide</span> <span class='ocrx_word' id='word_1_178' title='bbox 1253 3545 1366 3604; x_wconf 80' lang='grc' dir='ltr'><strong><em>Ηοεελι.</em></strong></span> 
     </span>
     <span class='ocr_line' id='line_1_28' title="bbox 137 3629 1347 3718; baseline -0.002 -21"><span class='ocrx_word' id='word_1_179' title='bbox 137 3649 141 3656; x_wconf 88' lang='grc'><strong>’</strong></span> <span class='ocrx_word' id='word_1_180' title='bbox 204 3639 283 3697; x_wconf 82' lang='lat' dir='ltr'><strong>Cret.</strong></span> <span class='ocrx_word' id='word_1_181' title='bbox 310 3638 365 3697; x_wconf 75' lang='lat' dir='ltr'><strong>vol.</strong></span> <span class='ocrx_word' id='word_1_182' title='bbox 388 3646 402 3698; x_wconf 91' lang='lat'>1</span> <span class='ocrx_word' id='word_1_183' title='bbox 431 3661 461 3718; x_wconf 87' lang='lat' dir='ltr'><strong><em>p.</em></strong></span> <span class='ocrx_word' id='word_1_184' title='bbox 481 3641 549 3700; x_wconf 83' lang='grc'><strong><em>436.</em></strong></span> <span class='ocrx_word' id='word_1_185' title='bbox 574 3651 714 3700; x_wconf 79' lang='lat' dir='ltr'><strong>memorat</strong></span> <span class='ocrx_word' id='word_1_186' title='bbox 733 3641 838 3698; x_wconf 80' lang='lat' dir='ltr'><strong>Arcad.</strong></span> <span class='ocrx_word' id='word_1_187' title='bbox 860 3660 890 3718; x_wconf 87' lang='lat' dir='ltr'><strong><em>p.</em></strong></span> <span class='ocrx_word' id='word_1_188' title='bbox 910 3644 963 3716; x_wconf 85' lang='grc'><strong><em>63,</em></strong></span> <span class='ocrx_word' id='word_1_189' title='bbox 984 3648 1016 3700; x_wconf 78' lang='lat'><strong><em>9:</em></strong></span> <span class='ocrx_word' id='word_1_190' title='bbox 1039 3632 1209 3717; x_wconf 77' lang='grc' dir='ltr'><strong><em>βαρύνεται</em></strong></span> <span class='ocrx_word' id='word_1_191' title='bbox 1233 3629 1347 3706; x_wconf 87' lang='grc' dir='ltr'><strong><em>Τάνος.</em></strong></span> 
     </span>
     <span class='ocr_line' id='line_1_29' title="bbox 201 3723 1368 3810; baseline 0 -18"><span class='ocrx_word' id='word_1_192' title='bbox 201 3723 393 3809; x_wconf 85' lang='grc' dir='ltr'><strong><em>5.-Πηλιιύδη</em></strong></span> <span class='ocrx_word' id='word_1_193' title='bbox 407 3733 445 3792; x_wconf 87' lang='lat' dir='ltr'><strong><em>R.</em></strong></span> <span class='ocrx_word' id='word_1_194' title='bbox 523 3737 587 3794; x_wconf 80' lang='lat'><strong>5.6.</strong></span> <span class='ocrx_word' id='word_1_195' title='bbox 600 3731 774 3810; x_wconf 78' lang='grc' dir='ltr'><strong><em>Σουσιανῆς</em></strong></span> <span class='ocrx_word' id='word_1_196' title='bbox 789 3733 822 3802; x_wconf 87' lang='grc' dir='ltr'><strong><em>Ρ,</em></strong></span> <span class='ocrx_word' id='word_1_197' title='bbox 843 3729 980 3801; x_wconf 75' lang='grc' dir='ltr'><strong><em>Σουσίοις</em></strong></span> <span class='ocrx_word' id='word_1_198' title='bbox 1001 3724 1096 3810; x_wconf 80' lang='grc' dir='ltr'><strong><em>νήσου</em></strong></span> <span class='ocrx_word' id='word_1_199' title='bbox 1112 3733 1201 3790; x_wconf 72' lang='grc' dir='ltr'><strong><em>ΜΝ.</em></strong></span> <span class='ocrx_word' id='word_1_200' title='bbox 1281 3737 1311 3790; x_wconf 88' lang='grc'><strong><em>6.</em></strong></span> <span class='ocrx_word' id='word_1_201' title='bbox 1325 3724 1368 3800; x_wconf 76' lang='grc' dir='ltr'><strong><em>ὥς</em></strong></span> 
     </span>
     <span class='ocr_line' id='line_1_30' title="bbox 161 3817 1368 3909; baseline -0.002 -25"><span class='ocrx_word' id='word_1_202' title='bbox 161 3895 165 3902; x_wconf 40' lang='grc'><strong><em>,</em></strong></span> <span class='ocrx_word' id='word_1_203' title='bbox 202 3845 258 3884; x_wconf 88' lang='lat' dir='ltr'><strong>om.</strong></span> <span class='ocrx_word' id='word_1_204' title='bbox 279 3827 315 3885; x_wconf 85' lang='lat' dir='ltr'><strong>R.</strong></span> <span class='ocrx_word' id='word_1_205' title='bbox 432 3817 533 3909; x_wconf 79' lang='grc' dir='ltr'><strong><em>όχδόῳ</em></strong></span> <span class='ocrx_word' id='word_1_206' title='bbox 559 3827 628 3886; x_wconf 79' lang='lat' dir='ltr'><strong>add.</strong></span> <span class='ocrx_word' id='word_1_207' title='bbox 649 3827 713 3896; x_wconf 77' lang='lat' dir='ltr'><strong><em>RV,</em></strong></span> <span class='ocrx_word' id='word_1_208' title='bbox 740 3827 819 3904; x_wconf 90' lang='lat' dir='ltr'><strong>quod</strong></span> <span class='ocrx_word' id='word_1_209' title='bbox 844 3826 948 3884; x_wconf 78' lang='lat' dir='ltr'>lacuna</span> <span class='ocrx_word' id='word_1_210' title='bbox 974 3825 1101 3886; x_wconf 78' lang='lat' dir='ltr'>indicata</span> <span class='ocrx_word' id='word_1_211' title='bbox 1126 3827 1236 3905; x_wconf 78' lang='lat' dir='ltr'><strong>recepi.</strong></span> <span class='ocrx_word' id='word_1_212' title='bbox 1258 3825 1368 3884; x_wconf 84' lang='lat' dir='ltr'>excidit</span> 
     </span>
     <span class='ocr_line' id='line_1_31' title="bbox 201 3911 1366 3999; baseline -0.002 -21"><span class='ocrx_word' id='word_1_213' title='bbox 201 3921 356 3999; x_wconf 68' lang='lat' dir='ltr'><strong>scriptoris</strong></span> <span class='ocrx_word' id='word_1_214' title='bbox 372 3941 485 3980; x_wconf 86' lang='lat' dir='ltr'><strong>nomen.</strong></span> <span class='ocrx_word' id='word_1_215' title='bbox 563 3925 592 3981; x_wconf 88' lang='grc'><strong><em>7.</em></strong></span> <span class='ocrx_word' id='word_1_216' title='bbox 608 3911 800 3994; x_wconf 79' lang='grc' dir='ltr'><strong><em>Ταξιανηνός</em></strong></span> <span class='ocrx_word' id='word_1_217' title='bbox 812 3920 848 3989; x_wconf 89' lang='grc' dir='ltr'><strong><em>Β,</em></strong></span> <span class='ocrx_word' id='word_1_218' title='bbox 873 3915 1010 3996; x_wconf 82' lang='grc' dir='ltr'><strong><em>Ταξιανὴ</em></strong></span> <span class='ocrx_word' id='word_1_219' title='bbox 1025 3919 1119 3996; x_wconf 81' lang='grc' dir='ltr'><strong><em>νῆσος</em></strong></span> <span class='ocrx_word' id='word_1_220' title='bbox 1135 3920 1209 3978; x_wconf 84' lang='lat' dir='ltr'><strong>libri.</strong></span> <span class='ocrx_word' id='word_1_221' title='bbox 1291 3924 1321 3980; x_wconf 85' lang='grc'><strong><em>8.</em></strong></span> <span class='ocrx_word' id='word_1_222' title='bbox 1333 3913 1366 3977; x_wconf 82' lang='grc' dir='ltr'><strong><em>ιε’</em></strong></span> 
     </span>
     <span class='ocr_line' id='line_1_32' title="bbox 202 4003 1329 4092; baseline -0.001 -20"><span class='ocrx_word' id='word_1_223' title='bbox 202 4011 245 4092; x_wconf 81' lang='lat' dir='ltr'><strong>(p.</strong></span> <span class='ocrx_word' id='word_1_224' title='bbox 267 4019 334 4074; x_wconf 92' lang='grc'><strong><em>691.</em></strong></span> <span class='ocrx_word' id='word_1_225' title='bbox 354 4014 426 4090; x_wconf 85' lang='grc'><strong><em>698)</em></strong></span> <span class='ocrx_word' id='word_1_226' title='bbox 446 4015 510 4082; x_wconf 86' lang='lat' dir='ltr'><strong><em>RV,</em></strong></span> <span class='ocrx_word' id='word_1_227' title='bbox 538 4005 791 4092; x_wconf 77' lang='grc' dir='ltr'><strong><em>πεντεκαιδεκάτῃ</em></strong></span> <span class='ocrx_word' id='word_1_228' title='bbox 812 4017 845 4072; x_wconf 83' lang='grc' dir='ltr'><strong><em>Α.</em></strong></span> <span class='ocrx_word' id='word_1_229' title='bbox 964 4013 1010 4072; x_wconf 73' lang='grc'><strong><em>14.</em></strong></span> <span class='ocrx_word' id='word_1_230' title='bbox 1036 4003 1212 4091; x_wconf 74' lang='grc' dir='ltr'><strong><em>Ταφόσιρις</em></strong></span> <span class='ocrx_word' id='word_1_231' title='bbox 1238 4013 1329 4071; x_wconf 79' lang='lat' dir='ltr'><strong>infra.</strong></span> 
     </span>
     <span class='ocr_line' id='line_1_33' title="bbox 202 4100 1366 4186; baseline -0.001 -21"><span class='ocrx_word' id='word_1_232' title='bbox 202 4113 248 4166; x_wconf 89' lang='grc'><strong><em>19.</em></strong></span> <span class='ocrx_word' id='word_1_233' title='bbox 269 4100 456 4186; x_wconf 73' lang='grc' dir='ltr'><strong><em>θηρονόμων</em></strong></span> <span class='ocrx_word' id='word_1_234' title='bbox 476 4108 550 4174; x_wconf 82' lang='lat' dir='ltr'>libri,</span> <span class='ocrx_word' id='word_1_235' title='bbox 571 4118 729 4166; x_wconf 68' lang='lat' dir='ltr'>contectum</span> <span class='ocrx_word' id='word_1_236' title='bbox 751 4127 790 4166; x_wconf 83' lang='lat' dir='ltr'><strong><em>ex</em></strong></span> <span class='ocrx_word' id='word_1_237' title='bbox 805 4105 937 4166; x_wconf 76' lang='lat' dir='ltr'><strong>Eustath.</strong></span> <span class='ocrx_word' id='word_1_238' title='bbox 958 4103 996 4162; x_wconf 78' lang='lat' dir='ltr'><strong><em>ad</em></strong></span> <span class='ocrx_word' id='word_1_239' title='bbox 1016 4105 1102 4164; x_wconf 88' lang='lat' dir='ltr'><strong>Dion.</strong></span> <span class='ocrx_word' id='word_1_240' title='bbox 1118 4108 1186 4164; x_wconf 81' lang='grc'><strong><em>593.</em></strong></span> <span class='ocrx_word' id='word_1_241' title='bbox 1208 4105 1248 4164; x_wconf 81' lang='lat' dir='ltr'><strong>cs.</strong></span> <span class='ocrx_word' id='word_1_242' title='bbox 1269 4107 1366 4165; x_wconf 73' lang='lat' dir='ltr'><strong>Anall.</strong></span> 
     </span>
     <span class='ocr_line' id='line_1_34' title="bbox 201 4191 1368 4280; baseline 0.003 -24"><span class='ocrx_word' id='word_1_243' title='bbox 201 4201 283 4258; x_wconf 81' lang='lat' dir='ltr'><strong>Alex.</strong></span> <span class='ocrx_word' id='word_1_244' title='bbox 298 4220 328 4278; x_wconf 89' lang='lat' dir='ltr'><strong>p.</strong></span> <span class='ocrx_word' id='word_1_245' title='bbox 339 4203 405 4260; x_wconf 85' lang='grc'><strong><em>375.</em></strong></span> <span class='ocrx_word' id='word_1_246' title='bbox 419 4211 452 4258; x_wconf 71' lang='grc' dir='ltr'><strong><em>ετ</em></strong></span> <span class='ocrx_word' id='word_1_247' title='bbox 463 4201 590 4258; x_wconf 83' lang='lat' dir='ltr'><strong>Lobeck.</strong></span> <span class='ocrx_word' id='word_1_248' title='bbox 603 4199 719 4259; x_wconf 79' lang='lat' dir='ltr'><strong>Pathol.</strong></span> <span class='ocrx_word' id='word_1_249' title='bbox 736 4222 768 4280; x_wconf 90' lang='lat' dir='ltr'><strong>p.</strong></span> <span class='ocrx_word' id='word_1_250' title='bbox 778 4206 845 4262; x_wconf 79' lang='lat'><strong>518.</strong></span> <span class='ocrx_word' id='word_1_251' title='bbox 924 4191 1054 4276; x_wconf 81' lang='grc' dir='ltr'><strong><em>εύρίνων</em></strong></span> <span class='ocrx_word' id='word_1_252' title='bbox 1072 4209 1139 4256; x_wconf 76' lang='lat' dir='ltr'>ante</span> <span class='ocrx_word' id='word_1_253' title='bbox 1152 4197 1190 4256; x_wconf 88' lang='lat' dir='ltr'><strong>X.</strong></span> <span class='ocrx_word' id='word_1_254' title='bbox 1269 4203 1322 4259; x_wconf 85' lang='lat'><strong>22.</strong></span> <span class='ocrx_word' id='word_1_255' title='bbox 1334 4196 1368 4260; x_wconf 74' lang='grc' dir='ltr'><strong><em>δι’</em></strong></span> 
     </span>
    </p>
   </div>
   <div class='ocr_carea' id='block_1_8' title="bbox 194 4285 1368 4462">
    <p class='ocr_par' dir='ltr' id='par_1_8' title="bbox 194 4285 1368 4462">
     <span class='ocr_line' id='line_1_35' title="bbox 201 4285 1368 4372; baseline 0.003 -24"><span class='ocrx_word' id='word_1_256' title='bbox 201 4312 256 4349; x_wconf 89' lang='lat' dir='ltr'><strong>om.</strong></span> <span class='ocrx_word' id='word_1_257' title='bbox 270 4293 306 4352; x_wconf 83' lang='lat' dir='ltr'><strong>V.</strong></span> <span class='ocrx_word' id='word_1_258' title='bbox 383 4293 599 4371; x_wconf 84' lang='grc' dir='ltr'><strong><em>χεωχριιφοῦσι</em></strong></span> <span class='ocrx_word' id='word_1_259' title='bbox 619 4295 655 4353; x_wconf 88' lang='lat' dir='ltr'><strong>R.</strong></span> <span class='ocrx_word' id='word_1_260' title='bbox 718 4300 782 4354; x_wconf 80' lang='lat'><strong>,23.</strong></span> <span class='ocrx_word' id='word_1_261' title='bbox 798 4285 940 4369; x_wconf 86' lang='grc' dir='ltr'><strong><em>Τάπυροι</em></strong></span> <span class='ocrx_word' id='word_1_262' title='bbox 959 4294 995 4349; x_wconf 90' lang='grc' dir='ltr'><strong><em>Η.</em></strong></span> <span class='ocrx_word' id='word_1_263' title='bbox 1030 4345 1035 4350; x_wconf 85' lang='grc'><strong><em>.</em></strong></span> <span class='ocrx_word' id='word_1_264' title='bbox 1073 4293 1121 4352; x_wconf 86' lang='grc'><strong><em>25.</em></strong></span> <span class='ocrx_word' id='word_1_265' title='bbox 1132 4291 1238 4370; x_wconf 78' lang='grc' dir='ltr'><strong><em>χῶρος</em></strong></span> <span class='ocrx_word' id='word_1_266' title='bbox 1254 4291 1368 4372; x_wconf 74' lang='lat' dir='ltr'><strong>PpflV,</strong></span> 
     </span>
     <span class='ocr_line' id='line_1_36' title="bbox 194 4381 339 4462; baseline -0.007 -20"><span class='ocrx_word' id='word_1_267' title='bbox 194 4381 286 4462; x_wconf 78' lang='grc' dir='ltr'><strong><em>χώρα</em></strong></span> <span class='ocrx_word' id='word_1_268' title='bbox 306 4389 339 4442; x_wconf 87' lang='grc' dir='ltr'><strong><em>Α.</em></strong></span> 
     </span>
    </p>
   </div>
   <div class='ocr_carea' id='block_1_9' title="bbox 0 0 1452 5092">
    <p class='ocr_par' dir='ltr' id='par_1_9' title="bbox 0 0 1452 5092">
     <span class='ocr_line' id='line_1_37' title="bbox 0 0 1452 5092; baseline 0 0"><span class='ocrx_word' id='word_1_269' title='bbox 0 0 1452 5092; x_wconf 95' lang='lat' dir='ltr'><strong><em> </em></strong></span> 
     </span>
    </p>
   </div>
  </div>
 </body>
</html>
