2902 5070
612 286 684 360 241

73 465 213 554 λίμαχος
229 466 264 537 ἐν
279 461 529 554 ἐπιγράμμασιν
552 462 624 558 «τίς
637 463 755 556 Δάμην
771 463 919 537 ἀπιόντα
933 468 993 557 τήν
1009 464 1183 552 Ἀχαιῶν..
1192 468 1225 537 .”
1320 503 1324 510 ·

71 587 130 656 καί
157 581 271 674 Δάμη
299 580 320 674 ἡ
347 581 438 674 χώρα
465 579 576 651 πάλαι
598 580 762 666 ἐκαλεῖτο,
792 582 812 674 ἡ
844 588 882 656 δὲ
909 585 1011 669 πόλις
1030 584 1226 676 Στράτος,

71 703 209 794 ὕστερον
225 702 336 773 δὲκαὶ
352 697 373 791 ή
390 697 493 781 πόλις
514 701 571 768 καί
592 696 613 788 ή
634 698 726 791 χώρα
742 700 841 792 Δύμη
858 702 1058 793 ἐκλήθησαν.
1094 706 1227 792 λέγεται

71 824 129 893 καὶ
150 824 399 912 πληθυντικῶς,
428 814 476 899 ὡς
496 813 754 911 Ἀπολλόδωρος
783 817 931 914 «τούτων
952 819 1124 907 ἀπέχουσα
1146 849 1227 894 στα-

72 938 166 1022 δίους
186 935 234 1029 ρκ’
255 933 373 1026 ἐσχάτη
395 941 501 1004 κιῖται
522 934 608 1023 πρὸς
636 934 733 1007 δύσιν
754 936 907 1023 Δῦμαι”.
951 936 970 1009 δ
992 940 1133 1031 πολίτης
1155 949 1251 1012 Aia-⁶

71 1065 182 1144 μαῖος.
215 1050 365 1147 ’Ἔφορος
386 1051 437 1123 κδ’
460 1055 754 1146 «παραγενομένης
775 1057 814 1126 δὲ
834 1062 893 1146 τῆς
913 1063 1071 1149 στρατιάς
1098 1057 1146 1140 τίς
1165 1061 1225 1150 τήν

72 1174 199 1265 Δύμην,
221 1178 355 1264 πρῶτον
374 1172 436 1256 μὲν
457 1169 490 1240 οἳ
504 1177 655 1257 Δυμαῖοι
676 1173 994 1262 καταπλαγέντις”.-
1012 1178 1069 1246 καί
1083 1184 1226 1246 Παυσα-

72 1293 144 1375 νίας
160 1290 186 1377 ζ’
212 1288 374 1387 «Οἰβώτᾳ
391 1287 487 1378 άνδρὶ
500 1289 644 1381 Δυμαίῳ
661 1290 801 1361 σταδίου
813 1294 875 1378 μὲν
892 1289 1082 1384 ἀνελομένῳ
1097 1293 1225 1386 νίκην”.

71 1413 128 1482 καί
156 1407 263 1480 πάλιν
291 1407 483 1503 «Δυμαίοις
508 1412 570 1496 μέν
592 1411 681 1481 ἐστιν
703 1409 850 1500 Ἀθηνᾶς
872 1412 952 1493 ναδς
973 1415 1030 1482 καὶ
1051 1407 1224 1502 άχαλμα”.

72 1532 128 1600 καὶ
157 1529 193 1599 ἒν
212 1532 260 1618 τῷ
281 1525 311 1617 η’
340 1528 405 1622 «τά
433 1529 471 1598 δὲ
497 1530 583 1620 πρδς
611 1526 747 1613 Ἀχαΐαν
767 1529 930 1616 Δυμαίων
959 1528 1042 1600 σίσίν
1068 1530 1265 1622 ὅμοροι”.ιο

71 1652 127 1719 καὶ
158 1644 418 1737 Ἀπολλόδωρος
451 1643 474 1736 ἢ
506 1643 525 1717 ὁ
554 1648 596 1716 τά
629 1643 749 1716 τούτου
781 1647 1039 1733 ἒπιτεμνόμενος
1071 1649 1153 1742 «τήν
1188 1653 1226 1720 δὲ

69 1764 179 1858 χώραν
201 1763 313 1851 ἔχουσι
334 1761 521 1848 Δυμαῖοι”.
555 1745 612 1832 καὶ
630 1764 790 1846 Φίλιστος
806 1768 987 1834 Σικελικῶν
1009 1764 1040 1834 α’
1066 1768 1148 1860 «ἐπὶ
1168 1773 1227 1858 τῆς

71 1882 284 1971 ὀλυμπιάδος
312 1877 353 1974 ἣν
383 1879 535 1970 Οἰβώτας
566 1879 602 1971 [ὁ
630 1883 798 1972 Δυμαῖος]
829 1881 927 1953 ἐνίκα
950 1880 1125 1954 ατάδιον”.
1170 1887 1228 1954 καὶ

64 2001 325 2092 Ἀπολλόδωρος
352 2003 387 2072 ἐν
412 2005 573 2092 χρονικῶν
600 1999 631 2070 α’
664 1997 839 2095 «πόλεμος
865 2002 980 2091 ἐνίστη
1005 2009 1077 2084 τοῖς
1096 2028 1134 2070 τε
1154 2009 1226 2072 Δο-

69 2121 186 2208 μαίοις
202 2118 362 2191 ὅθεν...”
386 2122 442 2189 καὶ
460 2115 667 2203 Θεόπομπος
679 2115 714 2202 μ’
738 2116 946 2213 «προστάται
963 2122 1002 2191 δὲ
1016 2125 1076 2211 τῆς
1092 2119 1227 2218 πόλεως
1239 2146 1264 2187 ιι

70 2233 155 2330 ήσον
180 2243 246 2308 τῶν
271 2241 332 2324 μὲν
354 2236 566 2329 Συρακοσίων
587 2232 731 2327 Ἀθηνις
755 2238 812 2306 καί
829 2234 1064 2329 Ἡρακλείδης,
1094 2246 1160 2309 τῶν
1187 2243 1226 2310 δὲ
1282 2257 1287 2269 ’

69 2354 295 2449 μισθοφόρων
302 2354 480 2446 Ἀρχέλαος
495 2354 513 2426 ὃ
526 2352 710 2442 Δυμαῖος”.
731 2357 769 2426 τὸ
782 2340 1092 2446 θηλοκδνΔυμαία.
1109 2357 1226 2450 Εὐφο-

71 2476 150 2567 ρίων
174 2475 220 2570 «ή
233 2501 285 2558 τις
300 2473 386 2560 ίχτις
401 2478 537 2564 κληῖδας
552 2471 771 2566 ἓπιζεφύραιο
788 2472 976 2564 Δομαίης”,
999 2478 1058 2546 διὰ
1079 2479 1119 2545 τδ
1140 2478 1228 2564 πρὸς

71 2594 167 2666 δάσιν
188 2595 402 2685 ἔπιζέφυρον.
434 2589 628 2678 Ἀντίμαχος
648 2591 891 2663 Καυκωνίδα
913 2597 1014 2684 φησὶν
1036 2592 1139 2684 αὐτήν
1154 2591 1226 2662 άπδ

71 2712 255 2794 Καύκωνος
276 2717 447 2798 ποταμοῦ,
476 2709 522 2794 ώς
545 2712 617 2799 [τάς
641 2708 769 2800 Θήβας]
793 2710 971 2800 Διρκαίας,
999 2711 1086 2788 ἔνιοι,
1110 2713 1148 2781 δὲ
1170 2713 1264 2780 καὶιυ

67 2829 274 2910 Ἀσωπίδος.
300 2832 530 2902 διαστέλλεται
549 2831 587 2900 δὲ
604 2834 663 2919 τῆς
679 2825 816 2910 Ἠλείας
833 2829 917 2898 κατά
933 2830 993 2919 τήν
1007 2828 1227 2921 Βουπρασίαν

70 3077 272 3090 ffl—

64 3209 205 3292 Ἀχαΐας,
226 3208 341 3292 ἐσχάτη
360 3211 437 3295 πρὸς
458 3209 555 3274 δ’άσιν.
581 3209 598 3274 ὃ
618 3211 744 3292 πολίτης
762 3209 908 3289 Δυμαῖος
926 3209 978 3272 καί
997 3209 1129 3286 Δυμαία
1149 3209 1226 3287 (Δυ-

69 3288 149 3402 μαίς
158 3323 208 3394 R).
223 3320 339 3401 λέγεται
352 3321 403 3382 καί
414 3317 544 3397 Δίμιος.
559 3317 742 3399 Ἀντίμαχος
756 3320 790 3381 δι’
801 3317 990 3382 Καυκωνίδο
1003 3313 1120 3397 ταύτην
1133 3318 1228 3400 φησίν

70 3413 133 3478 άπὸ
153 3409 324 3484 Καύκωνος
343 3416 495 3491 ποταμοῦ.
590 3423 638 3475 “1.
659 3410 781 3492 Ἀχαι..
807 3415 844 3484 S,
870 3415 948 3490 quod
976 3416 1077 3471 lacuna
1102 3413 1229 3470 indicata

71 3511 183 3570 correxi
208 3509 301 3566 Anali.
322 3509 404 3567 Alex.
430 3530 460 3587 p.
482 3514 547 3569 107.
574 3509 716 3568 excidisse
743 3509 855 3565 videtur
879 3500 1021 3582 ἐσχάτην.
1137 3509 1166 3564 8.
1188 3497 1226 3576 ζ’]

72 3625 98 3663 c.
110 3609 156 3672 17,
173 3607 202 3660 6.
285 3594 412 3683 Οἰβώτᾳ
432 3603 601 3670 Pausanias,
622 3600 755 3658 Baimoi
775 3601 807 3658 S.
886 3607 914 3658 9.
929 3591 1034 3671 πάλιν]
1056 3599 1125 3656 ibid.
1138 3602 1184 3665 17,
1198 3603 1227 3655 9.

72 3703 118 3756 10.
139 3693 172 3754 δν
190 3695 235 3774 τῷ
254 3687 282 3768 η’
305 3693 352 3769 (1,
372 3694 404 3770 2)
431 3695 623 3762 Schubartus,
648 3691 680 3751 ἐν
704 3693 748 3771 τῷ
769 3685 797 3748 α’
819 3693 851 3750 8.
969 3695 1073 3749 1213.
1094 3691 1150 3766 τῆς
1170 3683 1225 3762 [ς’]

71 3780 262 3862 ὀλυμπιάδος
282 3787 429 3844 Gaveiius.
528 3793 574 3846 13.
595 3779 697 3858 [καθ’]
717 3777 756 3858 ἣν
775 3784 810 3841 B.
832 3803 869 3841 an
889 3767 929 3862 ᾗλ
1029 3776 1172 3856 Οίβώτας
1192 3783 1227 3851 Β,

71 3875 88 3940 ὁ
109 3870 251 3946 Βοιώτας
271 3877 303 3935 S.
389 3872 405 3936 ὃ
425 3876 570 3954 Δυμαῖος
589 3879 657 3937 αδδ.
678 3877 714 3933 Β.
813 3877 917 3935 14.15.
938 3879 1003 3942 τοῖς
1021 3893 1053 3931 τι
1073 3871 1229 3947 Δυμαίοις

72 3967 171 4030 ποθὲν
193 3966 258 4044 [καί
278 3973 343 4037 τοῖς
362 3969 570 4048 Πατρεῦσι.]“ί
648 3975 693 4029 17.
714 3964 853 4044 θηλυκὸν
872 3969 912 4035 Μ,
931 3966 1014 4041 θῆλυ
1036 3967 1067 4022 8.
1147 3963 1228 4022 δίδυ-

70 4061 150 4140 μαία
177 4063 209 4121 8.
326 4059 470 4139 Δυμαίο]
495 4065 647 4124 Excidisse
672 4064 784 4120 videtur
809 4058 860 4118 καί
886 4056 934 4118 ἐπὶ
960 4059 1016 4133 τῆς
1036 4051 1161 4127 πόλεως.

73 4163 120 4216 19.
129 4149 231 4232 δῶσιν]
243 4155 354 4212 Forsan
366 4156 434 4214 add.
447 4157 570 4216 κεῖσθαι
581 4151 683 4234 λίχων.
742 4150 924 4228 Ἀντίμαχος
936 4148 997 4224 [δέ]
1011 4151 1044 4209 B.
1116 4157 1164 4208 20.
1173 4147 1230 4217 τὰς

76 4239 188 4324 Θήβας
200 4247 306 4306 adan
321 4267 337 4305 e
352 4248 480 4308 Simia&
495 4271 524 4328 p.
536 4254 602 4308 387.
625 4268 709 4324 quein
730 4256 829 4304 noster
841 4246 1002 4322 exscripsit.
1081 4237 1229 4302 21.Ἀσω-

75 4336 168 4408 πίδας
185 4341 222 4409 Β,
246 4333 405 4397 Ἀσωπίδα
426 4343 458 4399 S.
593 4337 819 4416 Βονπρααίωνλ
839 4359 875 4396 an
896 4357 959 4394 cam
980 4337 1129 4394 Strabonis
1150 4335 1229 4391 libris

74 4424 277 4509 Βοαπράσιον
297 4432 402 4488 omisso
421 4429 498 4509 τήνί

109 4543 194 4598 steph.
208 4541 307 4596 Βχτιοι.
992 4523 1029 4579 16
