2888 5084
738 286 813 358 150

275 461 480 558 Ἄφνειον,
502 462 606 545 πόλις
629 463 786 554 Φρυγίας,
808 462 953 551 πλησίον
973 460 1119 546 Κυζίκου
1140 459 1354 552 ἢΜιλητου-

198 581 343 668 πόλεως.
378 580 401 676 ἢ
423 581 494 654 ἀπό
510 581 670 674 Ἀφνειοῦ
692 579 712 672 ἢ
735 580 806 652 ἀπό
823 578 1007 673 ’Λφναίδος
1028 577 1167 673 νόμφης.
1204 579 1277 653 ἔστι
1299 581 1357 650 καί

199 703 335 786 Λυδίας
356 701 469 786 πόλις.
503 701 523 791 ἡ
546 702 642 791 λίμνη
665 699 685 791 ἦ
708 703 788 791 περὶ
804 699 951 786 Κύζικον
966 699 1127 791 Ἀφνῖτις,
1150 698 1170 792 ἡ
1193 697 1358 790 πρότερον

197 818 362 912 Ἀρτυνίο.
397 824 437 892 τὸ
460 819 597 890 ἔδνικόν
613 820 780 911 Ἀφνίτης.

176 953 189 994 ⁵
283 939 524 1034 Ἅφόρμιον,
551 938 658 1020 τόπος
683 940 869 1009 Θεσπιέων.
901 937 1121 1030 Ἀφροδίσιος
1141 933 1218 1028 ἤτοι
1239 934 1359 1029 Εὗφή·

200 1085 280 1144 μιος
309 1061 344 1129 ἐν
369 1066 417 1150 τῷ
444 1061 524 1150 περὶ
551 1065 610 1147 τῆς
631 1056 805 1147 πατρίδος.
849 1056 934 1128 ὅθεν
955 1058 1089 1128 καὶτὸν
1111 1053 1359 1147 κυβερνήσαντα

201 1180 262 1271 τὴν
287 1184 368 1249 ναῦν
393 1179 452 1268 τὴν
475 1176 583 1266 ’Λργώ
614 1181 725 1266 Τῖφυν
751 1176 914 1264 γενέσθαι
943 1176 1024 1275 ακαί
1052 1172 1153 1263 λόγος
1178 1173 1257 1266 παρ’
1280 1172 1360 1269 ἡμῖν

201 1304 262 1388 τῆς
292 1298 375 1380 νειός
408 1291 647 1386 ἀφορμηοάσης
680 1293 838 1365 ἐντεῦθεν
867 1297 953 1379 μετά
984 1299 1052 1362 τῶν
1080 1292 1260 1382 ἀριστέων,
1297 1292 1357 1388 ἀφ’

204 1407 309 1506 οὗπερ
327 1412 540 1486 ἀπέπλευσεν
555 1410 574 1504 ἡ
593 1411 708 1496 ναῦς”.
738 1410 913 1502 ότοπίτης
933 1410 1138 1505 Ἀφορμιεός
1156 1409 1202 1496 ὥς
1216 1411 1361 1503 Λίγιείς

166 1557 193 1598 1⁰
204 1533 372 1616 Σουνιεύς.

283 1648 570 1743 Ἀφροδισιάς,
601 1650 704 1734 πόλις
724 1648 898 1732 Κιλικίας,
929 1653 1009 1742 περὶ
1034 1643 1075 1742 ἧς
1097 1649 1318 1743 Ἀλέξανδρος
1339 1649 1359 1722 ὁ

203 1770 396 1861 πολυίστωρ
422 1772 458 1842 ἐν
485 1777 533 1860 τῷ
560 1772 639 1862 περὶ
665 1768 824 1850 Κιλικίας
851 1771 952 1861 φησίν
981 1769 1034 1839 ὅτι
1062 1767 1230 1860 Ζάπυρός
1257 1795 1360 1863 φησιν

205 1886 307 1980 αάτὴν
328 1886 400 1959 ἀπὸ
422 1894 482 1979 τῆς
501 1885 702 1980 Ἀφροδίτης
724 1890 925 1977 κεκλῆσθαι,
954 1885 1093 1979 γράφων
1122 1892 1179 1958 καί
1199 1887 1360 1981 ἱστορίας.

205 2007 344 2096 δευτέρα
361 2003 505 2097 Ἰβηρίας
526 2008 613 2097 πρὸς
633 2012 703 2087 τοῖς
722 2010 876 2089 Κελτοῖς.
917 2006 1010 2098 τρίτη
1032 2013 1132 2098 νῆσος
1152 2005 1173 2098 ἡ
1196 2007 1362 2102 πρότερον

167 2122 383 2216 16Ἐρύδεια,
405 2127 530 2211 μεταξὺ
548 2122 692 2216 Ἰβηρίας
713 2127 770 2196 καί
790 2124 974 2217 Γαδείρων.
1016 2124 1155 2218 τετάρτη
1177 2128 1213 2197 ἀν
1232 2128 1360 2221 Κνίδῳ.

205 2245 342 2335 πέμπτη
362 2244 488 2330 μεταξύ
504 2243 640 2324 Λυδίας
661 2246 718 2314 καὶ
733 2244 876 2336 Καρίας.
909 2245 984 2336 ἕκτη
1005 2249 1106 2334 νῆσος
1119 2244 1255 2337 Λιβύης
1275 2251 1362 2339 πρός

204 2366 247 2453 τῇ
262 2361 409 2454 Κυρήνῃ.
440 2360 567 2453 ἑβδόμη
584 2361 687 2445 πόλις
703 2369 915 2452 Λακωνικῆς,
936 2362 1001 2451 μία
1014 2369 1081 2432 τῶν
1098 2361 1226 2436 δκατόν.
1258 2363 1362 2458 όγδόη

205 2480 357 2564 Σκυθίας
378 2481 531 2573 παραλία
553 2484 639 2574 πρὸς
660 2482 719 2572 τὴν
742 2482 898 2573 λῃστείαν
920 2480 1071 2564 εὔθετος.
1111 2479 1208 2571 ἐνάτη
1228 2483 1362 2555 Αἰθιο-

206 2598 300 2681 πίας.
345 2596 465 2689 δεκάτη
493 2597 646 2691 Κόπρου.
691 2600 757 2672 εἰσὶ
788 2603 846 2671 καί
874 2599 935 2671 δόο
965 2601 1100 2691 νησίδια
1129 2601 1272 2691 πλησίον
1303 2609 1363 2695 τῆς

168 2716 352 2810 τοΛιβόης.
382 2715 454 2790 ἔστι
476 2720 533 2788 καὶ
553 2717 818 2812 Ἀλεξανδρείας.
852 2721 891 2790 τό
913 2721 1050 2792 ἐθνικόν
1071 2718 1319 2812 Ἀφροδισιεός.

285 2836 685 2929 Ἀφροδίτηςπόλις,
708 2827 1177 2932 ἦκαίἈφροδιτόπολις.
1209 2841 1249 2910 τό
1265 2841 1361 2911 ἐθνι-

205 2953 265 3023 κδν
280 2951 481 3047 ἀμφοτέρων
495 2954 831 3049 Ἀφροδιτοπολίτης.
864 2956 936 3028 ἔστι
951 2960 1008 3029 καὶ
1023 2956 1125 3042 πόλις
1138 2961 1224 3028 κατά
1237 2954 1362 3053 ’Ἀδρι-

206 3078 263 3158 βιν
283 3073 340 3142 καί
362 3065 564 3144 Αἰθιοπίαν
584 3077 641 3143 καί
665 3073 807 3166 Θρᾴκην.

287 3188 328 3264 A
333 3196 437 3284 φροδ
444 3191 547 3275 ιτία,
567 3191 689 3286 χωρίον
711 3199 925 3286 Λακωνικῆς.
965 3195 1170 3286 Θουκυδίδης
1192 3191 1233 3265 δ’.

205 3391 407 3405 -ψ

206 3515 234 3569 1.
254 3508 305 3569 καί
324 3530 379 3589 pro
398 3501 439 3586 ἢλ
555 3518 620 3572 1.2.
640 3509 788 3589 Μιλήτου
813 3507 930 3583 πόλεως
954 3515 1020 3585 AV,
1045 3507 1305 3591 Μιλήτουπόλις
1324 3518 1361 3576 R.

205 3595 371 3682 2Ἀφν[εί
342 3621 406 3671 εας
424 3601 544 3678 ν]αίδος
563 3598 706 3685 νόμφηςλ
791 3604 842 3666 καί
862 3601 927 3666 ἔστι
947 3605 999 3667 καί
1018 3607 1082 3668 RV.
1173 3600 1363 3687 3.’Λφνίτης

206 3705 273 3754 ante
292 3697 329 3753 X.
462 3699 492 3756 4
505 3693 632 3776 Λρτυν
631 3700 664 3772 α]
684 3701 860 3776 Artymniam
881 3701 951 3758 dicit
969 3701 1079 3760 Plinius
1099 3674 1167 3758 NH.
1187 3703 1216 3771 5,
1235 3705 1285 3761 32.

199 3779 360 3866 Ἀφνείτης
371 3798 409 3847 et
428 3809 517 3868 supra
533 3784 706 3871 Ἀφνεῖτιςλ
801 3797 830 3852 7.
844 3787 956 3870 Ἀργὼ]
978 3787 1077 3869 αὐτὴν
1095 3793 1132 3852 V.
1229 3787 1303 3872 ἡμῖν
1321 3796 1362 3864 Μ,

205 3899 294 3953 ημων
313 3879 388 3938 libri.
471 3886 500 3942 8.
521 3876 751 3994 άφορμησιίσης
769 3888 805 3955 R,
825 3877 1047 3965 ἀφορμισάσης
1065 3886 1128 3946 AV.
1211 3892 1280 3949 8..9
1299 3888 1363 3948 τῶν

206 3962 365 4048 ἀριστέων,
388 3971 634 4050 [λποινελθεῖν]’
615 3996 661 4055 αφ
660 3961 801 4056 ὀυπερλ
876 3984 904 4039 9
925 3969 1113 4037 ἀπέπλευσεν
1131 3981 1196 4050 RV,
1216 3973 1361 4040 ἀπέπλευ-

206 4066 309 4120 κενΑ.
395 4059 511 4143 ἡναῦς
529 4069 596 4127 sort.
619 4069 783 4129 delendum.
872 4074 919 4128 13.
939 4065 1063 4149 γράφην
1083 4069 1126 4129 Π.
1205 4069 1256 4131 καί
1278 4069 1361 4151 [τὴν]

206 4148 401 4234 ιστορίανΒ.
500 4165 546 4221 18.
566 4157 623 4238 τὴν
641 4160 786 4240 ληστείαν
805 4164 859 4240 Pp,
879 4161 917 4240 τῇ
937 4158 1063 4247 λῃστεία
1082 4165 1171 4236 ARV,
1191 4167 1270 4242 quod
1289 4186 1360 4244 pro·

205 4249 268 4306 bari
287 4259 384 4328 potest
404 4253 427 4309 si
447 4246 525 4329 πρός
545 4248 636 4344 (πρὸς
655 4221 695 4330 R)
717 4257 828 4316 deleas.
905 4260 953 4314 21.
962 4260 1010 4313 22.
1003 4277 1045 4334 η
1033 4249 1169 4315 κοί
1129 4253 1360 4337 -Ἇφροδιτο

205 4337 332 4419 πολίτης
351 4344 419 4402 add.
440 4344 549 4422 PpRV.
632 4342 816 4428 Ἀφροδίτιοι
836 4349 910 4406 libri
1001 4349 1049 4406 24.
1070 4343 1097 4407 δ’
1098 4350 1158 4422 ]c
1180 4355 1227 4410 56.
1249 4354 1297 4412 ubi
1316 4362 1362 4412 est

199 4425 409 4514 Ἀφροδισίων
