2866 5092
235 639 321 706 φασι
343 615 541 702 κεκλῆσθαι.
575 610 786 702 Ἡρωδιανὸς
807 612 841 684 δ’
866 617 901 685 έν
921 619 969 705 τῷ
989 618 1069 706 περὶ
1089 615 1274 700 συντάξεως
1296 643 1389 688 στοι-

232 733 331 818 χείων
352 709 493 824 έγνρόνει
512 733 573 823 τὴν
595 733 655 802 διδ
674 739 736 802 τοῦ
757 739 776 801 Ξ
797 730 936 824 γραφήν,
960 733 1229 826 παραιτούμενος
1248 736 1310 826 τήν
1330 737 1390 805 διά

233 858 335 940 τοῦγ
358 852 463 940 λέγων
485 850 590 933 οἷ’πως
619 849 691 945 ε(μή
711 877 746 920 τι
767 847 834 943 άρα
856 849 1133 944 παρανινδυνεύει
1153 853 1192 921 τό
1214 861 1238 940 β
1264 851 1389 922 ύποτο-

233 969 362 1056 τάχδαι
389 975 437 1059 τῷ
458 979 493 1058 γ,
524 971 586 1060 [έν]
615 964 668 1051 οἷς
694 967 920 1040 ὑποτέτακται
947 973 983 1041 έν
1010 977 1057 1063 τῷ
1079 968 1229 1062 λόγβατα
1251 969 1389 1064 ὅρκια”.

208 1091 293 1180 ετῆν
321 1091 360 1160 δέ
388 1090 447 1159 διά
475 1095 536 1159 τοῦ
557 1117 577 1180 γ
596 1088 729 1182 γραφήν
758 1091 815 1158 καί
841 1087 877 1158 έν
902 1095 950 1179 τῷ
977 1097 995 1169 ἒ
1021 1088 1287 1182 διασαφήσομεν.
1307 1128 1312 1138 .
1332 1091 1390 1160 καὶ

229 1207 408 1291 Ἑλλάδιος
437 1205 472 1277 ἓν
496 1212 544 1298 τῷ
572 1207 766 1312 ἆστοιχείῳ
793 1207 966 1298 παρέθετο
993 1210 1033 1280 τό
1063 1207 1201 1280 ἔδνιιιδν
1222 1207 1387 1300 Ἀγβατα-

232 1324 339 1418 νηνός.
372 1333 443 1408 τοῖς
458 1327 610 1419 Πέρσαις
630 1328 694 1417 γάρ
716 1325 866 1417 συνήθης
880 1323 900 1397 δ
914 1324 1032 1410 τύπος.
1064 1329 1200 1418 λέγουσι
1211 1329 1273 1417 γάρ
1287 1336 1388 1414 Καμ-

230 1444 393 1537 βυσηνούς
417 1444 696 1536 Παραιτακηνούς
719 1443 917 1537 Σωφηνούς,
951 1441 998 1529 ιύς
1032 1444 1261 1537 δειχθήσεται.
1304 1442 1384 1516 καθ’

223 1565 388 1654 Ἕλληνας
416 1564 454 1633 δέ
477 1561 709 1655 Ἀγβατανεύς.
761 1563 914 1650 δείξομεν
941 1559 975 1632 δ’
1003 1565 1039 1634 έν
1063 1569 1111 1654 τῷ
1136 1555 1162 1653 δ’
1187 1565 1240 1635 ὅτι
1261 1562 1281 1655 ἡ
1304 1562 1384 1634 ταδ’

193 1721 219 1761 ιο
230 1681 319 1775 ἡμᾶς
349 1684 505 1752 Βατανέα
532 1686 590 1754 καὶ
616 1681 787 1754 Βατάνεια
819 1684 971 1752 καλεῖται
997 1685 1056 1752 καὶ
1082 1685 1121 1754 τό
1151 1684 1288 1754 έδνιτιὸν
1313 1692 1386 1754 Ra-

229 1827 404 1871 τανοωται.

308 1917 495 2010 Ἄγγελή,
531 1924 637 2011 δῆμος
667 1925 727 2011 τῆς
757 1917 985 2000 Πανδιονίδος
1014 1921 1134 2011 φυλῆς.
1183 1917 1201 1989 ὁ
1239 1919 1386 2012 δημότης

228 2041 496 2128 έπιρρηματικῶς
526 2037 729 2130 Ἀγγελῆθεν
768 2041 804 2109 ἐκ
840 2037 949 2110 τόπου
995 2034 1135 2131 ί(Χάρης
1169 2037 1385 2130 Κλεοχάρους

223 2152 466 2246 Ἀγγελῆθεν”.
516 2154 564 2237 εἷς
594 2154 702 2226 τόπον
732 2154 943 2248 Ἀγγελήνδο,
983 2157 1018 2225 έν
1050 2155 1147 2248 τόπῳ
1177 2154 1382 2248 Ἅγγελῆσιν.

189 2307 214 2348 ω
229 2272 382 2357 ὀξύνεται
403 2276 442 2344 δέ
462 2275 547 2342 κατά
569 2273 631 2344 δύο
652 2273 807 2380 τρόπους,
831 2276 885 2346 ότι
906 2273 1013 2366 δήμου
1037 2270 1153 2362 ὄνομα,
1176 2273 1223 2357 ιύς
1237 2279 1277 2347 τό
1291 2285 1383 2366 Πορ-4

225 2390 310 2483 γασή
333 2395 391 2461 καὶ
413 2388 511 2482 Ἀλή,
540 2395 597 2462 καὶ
624 2392 677 2464 ὅτι
702 2394 746 2464 τδ
775 2395 834 2464 διδ
863 2400 923 2464 τοῦ
943 2384 1001 2484 ἕλη
1027 2399 1190 2485 μονογενῆ
1210 2391 1298 2485 ὑπὲρ
1320 2393 1381 2466 δύο

225 2512 396 2598 συλλαβάς
415 2509 604 2604 βαρύνεται,
627 2511 658 2582 ελ
678 2514 725 2603 μή
742 2511 812 2582 ἆπδ
827 2510 929 2605 φύσει
942 2515 1072 2602 μακρᾶς
1084 2507 1107 2601 ἢ
1120 2513 1220 2582 θέσει
1234 2507 1380 2601 δι’ρχοιτο,

223 2633 367 2721 Σεμέλη,
403 2628 520 2721 ἀγέλη,
554 2633 614 2702 διὰ
645 2631 686 2702 τύ
715 2629 866 2722 Πεντελή
896 2634 953 2700 καὶ
978 2627 1128 2720 Ἀγγελή.
1179 2632 1219 2702 τὸ
1252 2629 1380 2720 πιμελή

224 2750 458 2840 σεσημείωται.

225 3013 251 3065 1.
273 3001 431 3082 στοιχείων
449 3006 499 3080 Pa,
520 3011 669 3081 στοιχεῖον
688 3006 724 3075 V,
745 3002 885 3081 στοιχείω
905 3000 1047 3063 Affl’bn.
1131 3007 1160 3060 2.
1170 2995 1227 3076 τήν
1243 3020 1299 3058 om.
1312 3001 1378 3058 RV.

251 3098 309 3157 τοῦ
328 3115 384 3156 om.
405 3097 441 3155 R.
529 3099 557 3157 ⁴.
578 3095 611 3180 έν
628 3098 666 3156 R.
686 3090 728 3166 ὡς
748 3117 801 3175 pro
822 3088 888 3168 οίςλ
971 3087 1224 3170 ύποτετάχδηται
1245 3091 1289 3151 Π.
1309 3094 1379 3152 fort.

222 3189 387 3248 delendum.
485 3180 626 3264 λάγβατα
646 3190 682 3258 R,
702 3183 803 3265 λάγβα
822 3185 863 3246 τὰ
882 3188 945 3248 AV.
1043 3191 1071 3245 6.
1087 3181 1264 3254 Ἑλλάνικος
1282 3185 1320 3246 Β.

220 3281 265 3360 τῷ
284 3273 397 3360 πρώτῳ
417 3277 557 3359 στοιχείῳ
578 3281 641 3341 RV.
719 3286 748 3340 7.
768 3273 1001 3355 Καμβασηνούς
1014 3281 1049 3352 R,
1069 3273 1303 3354 Καμβησηνούς
1315 3281 1377 3336 AV.

220 3377 250 3434 8.
271 3365 532 3448 Παραιτακηνούς
551 3372 644 3441 PRV‚
664 3365 930 3451 Παραιταμηνούς
949 3373 983 3430 Α.
1130 3365 1293 3448 Σοφηνούς
1311 3373 1377 3430 RV.

219 3472 247 3525 9.
265 3458 473 3543 Ἀγβατανεύς
492 3465 561 3535 ΒΗ,
584 3460 753 3542 Ἀγβατεύς
777 3465 851 3524 libri.
939 3461 940 3466 ¹
987 3455 1033 3522 ότι
1059 3458 1132 3522 καθ’
1159 3458 1262 3542 ἡμάςέ

220 3564 266 3618 10.
286 3555 446 3633 Βατανέα]
468 3559 544 3617 infra
563 3555 730 3616 Βατανέαι.
828 3563 875 3616 13.
896 3551 1009 3636 Χάρης
1028 3549 1227 3635 Κλεοχάρους
1240 3549 1376 3634 Ἀγγελῆ-

217 3650 289 3722 θεν]
315 3649 402 3708 Haud
428 3651 514 3709 dubie
539 3651 684 3729 plebisciti
708 3651 851 3729 particula
876 3671 892 3709 e
915 3651 1028 3709 Crateri
1053 3669 1142 3728 opere
1167 3646 1235 3725 περὶ
1258 3661 1377 3727 ψηφισ·

97 3797 105 3812 ,
216 3735 326 3817 μάτων
344 3743 438 3820 petiti.
459 3745 568 3800 monuit
586 3761 680 3819 nuper
700 3744 785 3800 etiam
806 3744 960 3821 Berginius.
1078 3745 1124 3799 16.
1139 3733 1212 3816 Ἆλή
1231 3741 1271 3809 Μ,
1297 3735 1376 3818 καλή

115 3885 130 3914 a
217 3835 291 3903 libri,
313 3827 444 3912 Κεφαλή
464 3836 511 3905 W,
527 3827 641 3910 Ἔκαλή
663 3835 794 3913 Gattling
812 3839 882 3894 Ace.
902 3857 932 3916 p.
954 3837 1020 3895 149.
1119 3830 1171 3892 διά
1191 3835 1259 3892 add.
1280 3834 1346 3893 RV.

217 3931 264 3986 18.
291 3921 407 4002 Σεμέλη
434 3920 525 4004 άγέλη
550 3929 674 3986 fortasse
700 3939 768 4006 post
791 3921 958 4006 βαρύνεται
978 3927 1208 4006 transponenda,
1233 3929 1289 3984 nisi
1308 3935 1377 4006 post

215 4011 306 4095 ἀγέλη
338 4021 445 4078 excidit
473 4010 651 4096 πρόσκειται
683 4013 744 4080 άπδ
777 4013 868 4098 φύσει
896 4009 915 4096 ἢ
941 4015 1028 4078 θέσει
1052 4020 1177 4098 μακρᾶς
1206 4021 1252 4077 vel
1283 4021 1375 4077 simile

215 4111 295 4187 quid.
409 4105 545 4187 Πεντελή
568 4112 715 4187 Gattling,
740 4104 873 4188 παντελή
894 4113 970 4170 libri.
1085 4108 1121 4172 τδ
1149 4105 1259 4187 πιμελή
1287 4130 1375 4188 σεση-

212 4199 355 4277 μείωται]
388 4205 461 4261 Cum
493 4197 604 4280 πιμελή
634 4205 679 4262 vei
708 4205 830 4261 maxime
862 4207 965 4262 canoni
997 4207 1183 4264 Herodianeo
1215 4207 1375 4275 conveniat,

118 4313 131 4340 ι
215 4295 368 4352 videndum
394 4315 431 4354 ne
456 4307 603 4374 postrema
624 4298 663 4353 ita
684 4294 838 4353 scribenda
857 4299 928 4354 sint:
957 4295 1009 4356 διδ
1030 4294 1065 4357 τό
1086 4287 1224 4372 Πεντελή
1245 4289 1375 4376 καὶἈγ·

212 4380 283 4462 γελή
303 4383 355 4444 καί
375 4383 411 4447 τδ
432 4380 552 4464 πιμελή.
581 4382 785 4463 σεσημείωται
806 4386 865 4444 *“.
888 4399 917 4444 ut
937 4409 1043 4447 nomen
1064 4389 1203 4448 exciderit
1223 4391 1374 4466 exceptio·

144 4477 147 4484 '
213 4497 277 4536 nem
291 4479 408 4554 regulae
421 4483 582 4539 continens.
599 4498 738 4537 canonem
753 4481 950 4556 epitomatoris
962 4481 1048 4558 eulpa
1059 4485 1240 4540 obscuratum
1251 4481 1376 4538 illustrat

213 4586 352 4644 Arcadius
372 4609 402 4666 p.
424 4595 490 4657 109,
511 4594 538 4645 1.
566 4585 592 4644 ελ
612 4581 648 4644 δέ
664 4605 692 4642 τι
713 4586 790 4659 (τῶν
811 4583 862 4643 διδ
884 4587 940 4643 τού
960 4574 1027 4664 eii)
1048 4581 1196 4656 ὀξύνεται,
1217 4583 1275 4662 τὴν
1294 4579 1373 4662 πρού·
