2866 5092
780 307 830 380 ⁵2

151 465 172 524 '¹
228 477 385 558 Αἶνόθεν
399 483 542 556 τοπικδν
557 480 733 575 ἐπίρρημα.
761 478 936 580 Ἀφινθος
950 485 1146 582 καλουμένη.
1182 483 1344 577 Στράβων
1360 484 1386 572 ζ

231 605 289 702 αἐν
318 608 356 704 δὲ
383 611 426 699 τῇ
453 605 575 696 ἐκβολῇ
602 609 662 674 τοῦ
682 601 804 696 Ἕβρου
832 601 994 690 διστόμου
1023 598 1118 687 όντος
1140 601 1244 698 πόλις
1264 601 1386 689 Λίνος,

218 723 350 814 κτίσμα
380 722 637 818 [Μιτυληναίων
665 724 737 812 καί]
761 721 966 810 ’Κυμαίων”.
1010 728 1180 817 κληθῆναι
1212 727 1251 798 δὲ
1286 722 1387 818 αὐτὴν

230 845 283 934 ότι
304 844 447 935 πλησίον
468 839 663 936 τῆςὌσσης
684 837 725 935 ἧν
740 842 867 926 Αἴνιος
888 845 1042 931 ποταμός
1062 845 1118 914 καί
1140 843 1233 936 κώμη
1256 840 1386 932 ὁμώνυ-

202 988 301 1053 5μος.
346 963 379 1035 oi
407 967 445 1036 δὲ
467 961 538 1033 άπὸ
564 968 624 1033 τοῦ
646 959 761 1032 Αίνου
788 968 848 1032 τοῦ
870 965 1022 1045 Γουνέως
1048 960 1210 1056 άδτλφού.
1247 962 1281 1052 β’
1311 963 1382 1036 ἔστι

227 1087 285 1155 καί
306 1081 409 1165 πόλις
431 1079 631 1163 Θεσσαλίας.
670 1077 784 1171 γ’ἒστί
804 1087 950 1172 Λοκρῶν
971 1088 1037 1154 τῶν
1055 1081 1210 1168 Ὀζολῶν.
1249 1083 1288 1153 δ”
1301 1086 1384 1156 κατὰ

230 1202 396 1298 Θάψακον
418 1201 553 1270 καὶτὸν
573 1196 762 1290 Εὐφράτην.
808 1197 919 1270 ίέστι
946 1204 1002 1271 καί
1029 1207 1130 1294 νῆσος
1156 1206 1384 1296 παρακειμένη

227 1328 269 1416 τῇ
291 1319 466 1406 εὐδαίμονι
482 1315 635 1411 Ἀραβίᾳ.
671 1319 711 1388 τδ
734 1316 871 1389 ἐθνικδν
891 1319 1027 1405 Αίνιος,
1051 1319 1098 1404 ὡς
1123 1320 1255 1414 Τήνιος.
1299 1323 1384 1394 οὕτω

227 1445 290 1536 γάρ
312 1437 542 1533 άναγράφεται
564 1435 599 1508 ἐν
616 1445 688 1520 τοῖς
703 1438 830 1522 πίναξι.
862 1439 985 1532 ταύτην
1000 1439 1262 1533 Ἀπολλόδωρός
1283 1469 1384 1535 φησιν

190 1594 216 1634 ιο
229 1559 432 1649 ὠνομάσθαι
446 1555 694 1646 Πολτυμβρίαν.
725 1555 797 1628 ἔστι
818 1561 876 1630 καί
892 1558 999 1642 τόπος
1012 1555 1124 1645 Αἶνος
1144 1563 1179 1634 ἐν
1200 1567 1243 1654 τῇ
1265 1589 1385 1631 καταν-

227 1682 322 1776 τικρδ
339 1678 477 1750 Ῥοδίων
504 1673 644 1770 ἠπείρῳ.

311 1793 351 1876 Α
358 1795 541 1884 ίξιόνοια,
572 1792 676 1879 πόλις
705 1797 917 1889 Μαγνησίας.
961 1801 1000 1871 τδ
1032 1801 1168 1872 δθνικδν
1197 1799 1384 1883 Αίξωνεός.

227 1923 300 1995 ἔστι
320 1922 379 1989 καί
395 1913 536 2007 Αίξωνό
558 1920 665 2005 δῆμος
684 1923 743 2008 τῆς
764 1918 978 2009 Κεκροπίδας
1000 1923 1117 2012 φυλῆς,
1140 1915 1316 2004 ὀξυτόνως,
1339 1915 1385 2000 ὡς

228 2041 382 2113 εἴθισται
403 2037 493 2128 [ἐπί]
516 2037 653 2105 πολλῶν
674 2041 740 2105 τῶν
761 2034 886 2127 δόμων.
919 2039 976 2109 καί
998 2037 1016 2109 ὁ
1039 2036 1184 2129 δημότης
1197 2035 1383 2122 Αἰξωνεύς,

189 2189 214 2229 15
226 2161 266 2231 τό
289 2156 438 2248 θηλυκόν
460 2153 620 2237 Αίξωνίς,
644 2151 691 2237 ὡς
708 2153 882 2243 Ἀθμονίς.
914 2158 971 2227 καί
994 2155 1240 2242 αίξωντύεσθαι
1262 2159 1302 2228 τδ
1325 2184 1384 2226 κα-

226 2285 391 2373 κηγορεῖν·
422 2271 619 2365 βλάσφημοι
647 2276 709 2367 γάρ
739 2278 796 2345 καί
820 2275 1027 2370 συκοφάνται
1048 2282 1298 2378 κωμῳδοῦνται.
1342 2277 1383 2347 τά

225 2395 367 2480 τοπικά,
394 2395 429 2464 ἐκ
452 2389 561 2463 τόπου
582 2392 802 2487 Αίξωνῆθτν,
831 2394 878 2480 τίς
904 2395 1011 2467 τόπον
1032 2395 1214 2480 Αίξωνάδτ
1235 2396 1294 2466 καί
1314 2393 1383 2468 Αί-

226 2518 366 2604 ξιόναζε,
387 2514 446 2582 καί
466 2513 500 2584 δν
521 2509 618 2604 τόπῳ
639 2512 827 2606 Αίξωνῆσι.

223 2688 335 2759 Αἴνιος
357 2683 498 2764 ποταμὸς
522 2683 573 2745 καὶ
598 2683 685 2765 κώμη
711 2681 879 2764 ἐπώνυμος.
919 2685 948 2747 οῖ
973 2688 1007 2749 δὲ
1031 2684 1092 2751 άπὸ
1117 2691 1174 2750 τοῦ
1196 2685 1301 2749 Αίνου
1325 2687 1381 2750 τοῦ

224 2783 365 2850 Γουνέως
396 2774 543 2860 ἀδελφοῦ.
582 2773 610 2858 γ’
639 2774 704 2838 ἔστι
734 2777 785 2839 καί
808 2779 949 2859 Λοκρῶν
977 2783 1039 2842 τῶν
1062 2776 1202 2855 Ὀζολῶν.
1242 2776 1271 2841 δ’
1301 2779 1379 2844 κατδ

228 2869 384 2950 Θάψακον
408 2869 459 2929 καί
483 2868 538 2931 τόν
563 2865 742 2951 Εὐφράτην.
782 2871 797 2930 ί
825 2868 890 2933 ἴση
916 2871 968 2932 καί
992 2875 1085 2952 νῆσος
1110 2872 1317 2955 παρακειμίνη
1342 2875 1380 2955 τῇ

226 2963 384 3042 εὐδαίμονι
397 2957 540 3044 Ἀραβίη.
572 2959 637 3023 ἔστι
658 2961 709 3022 καί
723 2958 818 3034 τόπος
828 2955 928 3034 Λίνος
944 2962 976 3024 ἓν
994 2967 1033 3044 τῇ
1053 2964 1239 3046 καταντικρδ
1253 2964 1381 3028 Ῥοδίων

223 3055 350 3140 ἠπείρῳ.
428 3056 475 3114 14.
498 3050 637 3138 Θρᾳκική
657 3057 692 3114 R.
771 3051 787 3116 ὁ
808 3050 868 3115 άπὸ
888 3049 1004 3133 ταύτης
1023 3091 1060 3101 -
1080 3055 1235 3138 ἐπίρρημα
1255 3063 1325 3121 add.
1344 3064 1377 3122 P.

225 3159 253 3214 1.
273 3143 426 3226 Αἰνόθεν]
447 3149 590 3206 Homerus
610 3149 643 3206 li.
664 3147 692 3217 4,
712 3153 778 3208 250.
878 3141 1032 3224 Ἄψινθος
1051 3154 1086 3221 R,
1099 3145 1262 3227 Ἄφυνθος
1281 3156 1341 3213 AV.

225 3239 392 3324 Στράβων]
404 3247 472 3320 7,p.
486 3244 524 3300 88
535 3241 588 3298 Κτ.
652 3245 680 3299 2.
692 3237 769 3319 πρός
780 3238 861 3322 δέτῇ
871 3244 986 3302 Strabo.
1046 3233 1182 3321 εὐρουλλ.
1242 3251 1271 3304 2.
1283 3251 1311 3306 3.
1322 3240 1378 3307 A?-

224 3357 276 3405 νος
296 3333 346 3394 καί
366 3330 480 3407 κτίσμα
500 3330 644 3406 Κυμαῖον
663 3334 735 3404 libri,
757 3348 914 3396 correctum
935 3345 965 3394 et
984 3337 1149 3414 suppletum
1169 3356 1185 3394 e
1206 3337 1359 3400 Strabone.

223 3429 252 3486 4.
271 3421 382 3492 Αίνιος
403 3427 439 3496 Η,
459 3415 558 3492 Λίνος
577 3425 641 3499 RV,
665 3418 771 3502 Αίμος
789 3431 824 3487 Α.
941 3424 1014 3484 ποτὲ
1033 3447 1086 3504 pro
1106 3425 1246 3502 ποταμός
1265 3433 1301 3490 R.

223 3521 252 3580 5.
274 3513 303 3574 σί
324 3513 357 3574 δὲ
376 3516 441 3590 RV,
461 3509 481 3592 ἧ
502 3512 536 3574 δὲ
554 3519 587 3575 A.
678 3520 734 3577 τοῦ
754 3531 822 3580 ante
842 3517 1019 3579 Αίνουόιυ.
1041 3520 1077 3578 lb
1165 3518 1196 3578 Γ
1193 3519 1301 3581 ουνίου
1322 3526 1359 3584 V.

223 3616 253 3670 8.
274 3602 329 3685 ὡς]
350 3605 401 3666 καί
420 3609 482 3667 RV.
600 3615 628 3671 9.
650 3629 745 3690 φησιν
767 3633 827 3672 Ιοιυ.
848 3615 884 3671 R.
999 3619 1045 3671 10.
1067 3605 1244 3689 δνομόσθαι
1264 3619 1301 3678 R.

223 3696 443 3776 Πολτυοβρίαν
461 3700 497 3760 Β.
577 3707 684 3762 10.11.
705 3700 889 3784 καταντικρὺ
905 3701 1045 3781 Ῥοδίων]
1066 3709 1149 3764 Hanc
1168 3709 1255 3767 etiam
1267 3707 1380 3772 Αῖνεια

224 3793 330 3850 dictam
354 3793 446 3850 fuisse
472 3794 591 3870 colligas
618 3815 654 3853 ex
678 3797 723 3854 bis
748 3797 890 3855 Athenaei
909 3801 929 3856 7
948 3817 978 3875 p.
999 3801 1055 3856 285
1067 3797 1090 3856 i.
1115 3794 1172 3866 τὰς
1190 3798 1380 3874 Αίνιάτιδας

223 3885 294 3960 (leg.
307 3875 510 3961 Αίνειίτιδας)
531 3883 721 3960 καλουμένας
741 3882 854 3967 άφόας.
934 3893 980 3948 12.
996 3884 1153 3959 Αίξώνεια
1169 3912 1222 3970 pro
1235 3892 1379 3964 Αἶξωνία

222 3976 340 4053 scripsi,
366 3985 396 4031 ut
420 3984 465 4034 eut
490 3977 570 4055 apud
588 3979 684 4053 Etym.
704 3979 744 4036 M.
764 3999 795 4057 p.
816 3985 862 4049 37,
882 3984 910 4038 2.
938 3992 1024 4058 atque
1044 3981 1119 4040 hanc
1139 4003 1235 4043 veram
1255 3987 1377 4046 sormam

222 4087 288 4127 esse
314 4065 400 4124 docet
423 4068 529 4144 gentile
553 4062 726 4138 Αἵξωνεός,
756 4072 812 4128 nisi
836 4072 867 4128 id
890 4066 1063 4142 Αίξωνιεός
1086 4076 1279 4136 scribendum.
1314 4081 1318 4088 '

220 4165 267 4218 13.
289 4159 345 4236 τῆς
364 4157 432 4215 add.
453 4160 490 4217 R.
594 4163 641 4219 14.
661 4157 709 4219 lui
730 4162 844 4220 addidit
864 4165 1064 4224 Casaubonuu.
1167 4172 1214 4228 15.
1228 4163 1378 4246 Ἀθμονίς

218 4249 323 4320 HRV,
344 4242 484 4324 Ἀθμινίς
502 4252 536 4308 A.
635 4255 743 4312 1516.
764 4259 942 4332 κακηγορεῖν
962 4257 999 4324 H,
1023 4263 1203 4336 κατηγορεῖν
1222 4261 1297 4320 libri.

216 4372 264 4427 17.
277 4351 374 4438 τόπου
387 4367 429 4435 B,
448 4365 505 4424 τοῦ
524 4367 599 4426 libri.
676 4363 841 4438 Αίξιόναδε
853 4373 916 4443 AV,
931 4325 1067 4444 Ιίίιόναδε
1086 4375 1123 4436 R.
1203 4383 1310 4440 17.18.
1323 4377 1375 4440 καί

213 4453 373 4536 Αίξυίναζε
394 4477 450 4519 om.
469 4459 506 4520 R.
601 4465 648 4522 18.
667 4458 835 4540 Αίξωνῆθι
854 4463 892 4524 V.
