2888 5070
616 293 690 368 337

160 471 255 565 Ἰρά,
280 467 358 563 όρος
378 472 583 562 Μεσσηνίας.
623 471 752 555 Ῥιανός
774 475 809 543 ίν
830 481 1075 566 Μεσσηνιακῶν
1097 476 1229 569 πρώτῳ.

77 591 148 666 ἔστι
171 594 229 662 καί
249 589 352 673 πόλις
374 592 540 660 Μαλιέων
562 588 633 659 άπὸ
647 587 748 682 Ἴρου.
786 590 857 662 ἔστι
879 595 936 663 καί
956 593 1059 677 πόλις
1079 597 1230 683 Λέσβου.

76 713 134 782 καί
160 709 181 802 ἦ
209 706 286 800 παρ’
310 705 441 799 Ὁμήρῳ
471 708 722 803 κΚαρδαμύλην
747 707 774 778 τ’
799 708 942 800 Ἐνόπην
969 739 1005 781 τε
1031 714 1088 783 καί
1109 711 1230 804 Ἰρήν”.

75 832 115 901 τό
139 829 277 899 ίθνικὸν
294 825 410 916 Ἰριεύς
430 833 496 896 τῶν
518 828 697 897 Μαλιέων.

152 943 309 1036 Ἴρασα,
344 944 452 1027 τόπος
481 944 632 1035 Λιβύης,
667 945 715 1028 είς
747 942 787 1016 ὃν
817 944 1012 1037 μετήγαγον·
1034 944 1165 1018 Βάττον
1197 947 1256 1017 ολε

77 1064 225 1152 Λίβυες,
257 1060 304 1144 ῶς
331 1060 518 1153 Ἡρόδοτος
547 1061 698 1155 τετάρτη.
747 1066 785 1134 τό
819 1067 957 1135 ἑθνικόν
988 1063 1147 1156 Ἰρασεύς,
1185 1063 1232 1147 ώς

76 1180 229 1253 Μύλασα
249 1181 443 1263 Μολαοεύς.

159 1295 270 1390 Ἶρος,
294 1299 396 1380 πόλις
420 1299 619 1382 Θεσσαλίας.
657 1299 853 1392 Λυκόφρων
877 1295 982 1394 «Ἷρόν
1003 1325 1040 1370 τε
1061 1302 1119 1369 καί
1143 1310 1232 1392 Τρα-

74 1423 150 1504 χῖνα
182 1420 239 1486 καί
266 1416 530 1511 Περραιβικήν”.
576 1416 594 1488 ὃ
622 1419 763 1507 πολίτης
792 1417 924 1510 Ἰρώτης
951 1417 997 1502 ώς
1020 1417 1233 1510 Ἠπειρώτης

78 1533 285 1627 Μαλλώτης.
1245 1571 1271 1610 ιο

154 1651 221 1737 ”Ις,
238 1652 341 1737 πόλις
354 1651 516 1743 Περσική.
543 1650 729 1744 Ἡρόδοτος
743 1653 871 1745 πρώτη.
902 1653 989 1724 ἔνθα
1004 1657 1061 1724 καί
1076 1659 1232 1742 ποταμός

159 1890 188 1962 '1
191 1891 310 1980 σαορί
315 1919 352 1973 α,
366 1891 492 1978 μεταξύ
501 1889 697 1973 Λυκαονίας
707 1891 763 1958 καί
775 1888 933 1973 Κιλικίας
943 1891 1030 1982 πρὸς
1040 1895 1087 1981 τῷ
1101 1887 1232 1982 Ταύρῳ.

78 2012 137 2079 καί
154 2007 255 2091 πόλις
270 2004 443 2099 [Ἲσαυρα
462 2006 671 2100 οὐδετέρως]
691 2007 814 2101 Χάραξ
826 2012 865 2081 δὲ
878 2012 1045 2099 θηλυκῶς.
1079 2011 1118 2080 τό
1139 2011 1234 2080 ίθνι-

79 2130 139 2198 κόν
156 2124 321 2220 Ἰσαορεύς
341 2131 398 2197 καὶ
409 2123 573 2218 ’Ἰσαυρος
1246 2159 1272 2200 ιε

77 2303 278 2314 m*—

78 2399 105 2452 1.
126 2391 310 2470 Μεσσηνίας
335 2407 364 2452 et
386 2392 615 2470 Μεσσηνιακῶν
641 2393 680 2462 R,
704 2390 868 2470 Μεσηνίας
894 2404 923 2452 et
941 2390 1151 2470 Μεσηνιακῶν
1169 2395 1232 2456 AV.

78 2483 111 2542 ἓν
130 2505 186 2544 om.
205 2487 242 2545 R.
339 2492 367 2544 2.
387 2482 475 2556 πόλις
493 2480 658 2560 Μαλιίων]
679 2487 789 2544 Eadem
811 2505 885 2562 quae
905 2486 981 2544 infra
993 2474 1085 2560 Ἶρος.
1172 2488 1234 2545 τῶν
1351 2511 1374 2554 p

79 2589 145 2636 ante
165 2576 317 2638 Μαλιέων
342 2580 410 2638 add.
430 2580 485 2658 Pp.
583 2572 644 2636 ἀπὸ
663 2571 747 2653 Ἴρου
766 2610 805 2620 -
823 2581 852 2638 4.
863 2575 1015 2636 Μαλιέων
1034 2580 1104 2637 add.
1123 2580 1233 2657 PpRV.

79 2675 106 2727 3.
127 2665 146 2745 ἡ
167 2671 235 2727 add.
247 2673 311 2729 RV.
385 2664 512 2750 Ὁμήρῳ
528 2669 574 2745 (ΙΙ.
587 2669 694 2744 9,150)
716 2671 769 2747 Pp,
785 2660 922 2746 Ὅμηρον
940 2672 1003 2729 RV.
1082 2674 1110 2728 4.
1122 2664 1235 2748 ’Ῑρεύςλ

79 2767 109 2821 5.
123 2753 247 2837 Ἴρασα]
270 2763 318 2820 Cf.
333 2784 357 2822 ε.
371 2784 397 2822 v.
416 2759 547 2841 Ἰίρασα
625 2753 732 2828 ὃνΒΤ,
752 2753 791 2838 ἢν
809 2766 842 2818 Α.
921 2765 949 2818 6.
964 2755 1109 2839 τετάρτη]
1130 2783 1155 2820 c.
1167 2767 1233 2821 158.
1250 2747 1254 2758 “

78 2859 107 2914 7.
128 2845 293 2913 Μύλασσα
318 2847 511 2922 Μυλασσεύς
540 2855 615 2912 libri.
740 2857 769 2911 8.
793 2847 880 2920 πόλις
906 2848 1096 2928 Θεσσαλίας]
1122 2853 1233 2912 Eadem

79 2965 167 3023 quam
188 2965 276 3023 supra
295 2946 367 3002 Iram
389 2945 469 3007 dixit.
585 2939 785 3024 Λυκόφρων]
807 2963 848 3003 νε.
869 2949 935 3006 905.
1045 2937 1149 3024 ’Ίρρον
1167 2947 1203 3004 R.

79 3045 108 3098 9.
119 3032 321 3116 Περραβικήν
335 3040 397 3108 AV,
418 3033 599 3123 Περαβικήν
617 3039 655 3097 R.
733 3043 780 3097 10.
793 3032 973 3114 Μαλλώτης
986 3041 1022 3109 Χ,
1042 3030 1234 3113 Βιαλλιώτης

81 3122 385 3206 ΜΒιαλλώτηςΛΤ.
454 3124 635 3210 11.πρώτῃ]
647 3151 672 3188 c.
684 3133 749 3189 179.
828 3135 874 3188 12.
887 3121 1049 3210 ἄσφαλτος
1061 3127 1235 3203 ίνβτεῖχος

80 3241 190 3319 PpRV,
210 3233 371 3318 άσηαλτος
382 3239 414 3300 ἒν
428 3239 512 3299 όευ..
527 3245 625 3315 τεῖχος
636 3243 669 3310 Α,
686 3249 843 3299 correctum
858 3258 895 3297 ex
906 3239 1017 3298 Herod.
1095 3213 1234 3313 ἓκορῖἦθη

79 3335 117 3392 R.
195 3338 241 3392 13.
259 3327 412 3408 Ἰσαυρία]
436 3335 517 3390 Hanc
537 3335 691 3392 sectionem
712 3334 737 3389 B
759 3334 797 3389 ita
818 3321 1166 3410 ἰοίεσρολαιίῒιἼσαυρα,
1187 3322 1235 3385 ού·

80 3423 225 3500 δετίρως,
250 3418 338 3492 πόλις
359 3418 528 3497 Ἰσαυρίας,
553 3420 669 3500 μεταξύ
692 3419 877 3492 Λυκαονίας
902 3421 953 3482 καί
978 3419 1132 3490 Κιλικίας,
1158 3416 1237 3497 πρός

80 3517 126 3597 τῷ
149 3510 274 3597 Ταύρῳ.
295 3508 411 3592 Χάραξ
431 3514 465 3574 δὲ
484 3518 639 3593 θηλυκῶς.
660 3518 698 3574 cf.
720 3518 824 3575 Strabo
845 3521 882 3574 12
902 3538 932 3595 p.
948 3521 1019 3575 568:
1039 3515 1095 3590 τῆς
1114 3510 1148 3570 ύί
1166 3510 1236 3571 Λυ·

79 3605 208 3676 καονίας
226 3605 291 3666 ἐστὶ
311 3605 362 3664 καλ
382 3601 402 3685 ἦ
419 3602 574 3686 ’Ῑσαυρικη
596 3605 673 3688 πρός
693 3601 778 3686 αύτῷ
798 3607 842 3687 τῷ
866 3600 991 3689 Ταύρῳ,
1012 3597 1077 3664 είτα
1097 3600 1236 3681 Ἰσαυρία

80 3696 197 3777 ἔχουσα
217 3695 324 3774 κώμας
343 3695 400 3758 δύο
420 3693 617 3776 ὁμωνύμους,
644 3697 701 3776 τὴν
724 3696 781 3773 μίν
803 3695 941 3755 παλαιὰν
965 3693 1156 3773 καλουμένην
1180 3693 1237 3774 τὴν

82 3791 119 3851 δὲ
139 3789 262 3868 εύερκῆ·
287 3787 415 3868 ύπήκοοι
437 3788 468 3851 δ’
490 3781 572 3870 ἦσαν
590 3787 719 3860 ταύταις
739 3787 789 3848 καί
811 3781 900 3847 ἄλλαι
922 3791 1023 3866 κῶμαι
1042 3785 1162 3864 συχναί.
1189 3789 1237 3846 ubi

44 3951 45 3954 ς
82 3887 194 3944 Comes
216 3885 331 3960 corrigit
350 3885 394 3964 τῷ
415 3878 530 3965 Ταύρῳ
549 3880 568 3962 ἧ
585 3882 625 3944 τὰ
639 3878 770 3960 Ἴσαυρα
790 3877 914 3957 ἔχουσα.
935 3883 1130 3942 Groskurdius
1150 3898 1236 3958 prae·
1261 3952 1264 3956 ,

81 3991 163 4036 terea
188 3969 208 4053 ἧ
233 3972 273 4035 τά
295 3968 439 4054 [Ἴσαυρα
460 3974 511 4034 καί
531 3972 601 4052 τὴν]
624 3970 781 4054 Ἰσοορίαν
800 3968 928 4047 ἔχουσα,
954 3983 1075 4052 propter
1099 3991 1135 4030 ea
1162 3991 1237 4048 quae

81 4093 113 4150 p.
133 4075 190 4130 569
211 4079 386 4145 sequuntur:
411 4066 461 4126 καί
481 4065 521 4126 τὰ
540 4063 671 4146 Ἴσαυρα
691 4064 742 4124 καί
761 4061 818 4142 τὴν
835 4060 963 4140 Δίρβην
979 4061 1132 4139 Ἀμύντας
1151 4057 1236 4138 είχεν,

79 4157 261 4236 ε’πιθίμενος
287 4161 330 4242 τῷ
355 4156 503 4240 Δερβήτῃ
528 4159 579 4218 καί
605 4153 720 4218 ἀνελών
744 4149 852 4226 αύτόν,
883 4152 923 4213 τὰ
949 4151 976 4214 δ’
998 4152 1128 4231 Ἶσαυρα
1152 4151 1239 4233 παρὰ

80 4255 145 4315 τῶν
159 4250 322 4330 Ῥωμαίων
341 4249 447 4328 λαβών
459 4252 509 4311 καὶ
525 4250 562 4330 δη
576 4249 734 4327 βασίλειον
746 4244 847 4330 ἑαυτῷ
860 4241 1077 4319 κατεσκεύαζεν
1089 4245 1237 4317 ἐνταῦθα,

80 4343 140 4424 τὴν
160 4343 296 4405 παλαιόν
317 4341 476 4422 Ἰσαυρίαν
495 4339 683 4423 ἀνατρέψας.
782 4343 886 4402 13.14.
906 4340 951 4422 τῷ
974 4331 1106 4418 Ταύρῳ,
1123 4332 1240 4416 Χάραξ

84 4437 120 4498 δι’
139 4439 287 4516 θηλυκῶς
307 4435 460 4514 (θηλυκόν
478 4438 518 4515 R)
539 4434 591 4495 καί
610 4428 697 4506 πόλις
717 4437 790 4504 libn'‚
811 4434 933 4492 correxit
952 4442 982 4490 et
1001 4431 1146 4510 supplevit
1165 4432 1205 4489 Μ.

119 4549 205 4604 Steph.
218 4549 317 4604 Βςιοοι.
1002 4526 1040 4580 22
