2902 5070
598 277 670 352 291

53 454 195 545 δευτέρα
217 453 297 542 περὶ
314 453 514 524 Θεσσαλίαν.
548 455 640 547 τρίτη
659 456 795 550 Οἰνόη.
828 463 885 530 καὶ
906 463 1006 552 νῆσος
1025 459 1067 532 οδ
1087 466 1217 554 μακρὰν

55 570 229 658 ἀπέχουσα
250 569 388 662 Μήλου.
432 570 615 665 όπολίτης
632 573 822 668 Ἐφυραῖος.
863 577 935 650 ἔστι
957 580 1217 674 ιιαίἈριιοόίας

53 689 153 783 ίίλλη.
196 690 270 761 ἔστι
300 692 373 780 [καί
397 693 602 784 Θεσσαλίας]
630 698 688 764 καί
714 693 858 781 Ἰταλίας
884 702 970 768 κατὰ
997 675 1237 787 Καμπανίαν.

55 811 130 884 ἔστι
159 812 218 881 καὶ
247 808 341 900 κώμη
367 809 546 893 Αἰτωλίας
568 809 707 904 Ἕφόρα.
750 818 789 884 τό
817 817 955 886 aarum
974 813 1132 910 Ἔφορος.
1174 821 1215 890 τό

55 931 211 1021 ιπητιτδν
226 933 285 1036 τῆς
303 929 522 1020 Θεσπρωτίας
535 928 704 1023 Ἐφιίριος
738 936 796 1003 καὶ
815 932 1006 1026 Ἐφύρηθεν
1021 935 1092 1009 σἰπό
1106 937 1240 1009 τόπουῡ

54 1048 234 1140 ἐπίρρημα.

139 1165 359 1252 ’Βχελίδαι,
395 1169 502 1258 δῆμος
535 1171 594 1258 τῆς
623 1167 789 1259 Ἀττικῆς,
825 1167 896 1241 ἀπὸ
927 1171 1061 1258 Ἕχόλοο
1090 1173 1215 1265 ἥρωος.

53 1335 258 1350 ψ

55 1426 247 1485 Thessalicae
272 1426 349 1482 urbia
375 1443 479 1484 nomen
506 1447 559 1505 pro
586 1423 748 1502 Θαίμαιον,
781 1431 818 1489 de
849 1450 907 1507 quo
932 1441 1031 1490 noster
1055 1435 1117 1510 agit
1142 1455 1166 1492 ι.
1187 1453 1213 1492 τ.

53 1512 181 1593 Ἰθώμη.
196 1537 261 1576 meo
287 1519 387 1574 mirum
414 1527 459 1576 est
478 1537 514 1576 oa
535 1519 629 1576 forma
649 1541 731 1579 usum
752 1542 817 1581 esse
839 1525 960 1583 Cineam
981 1525 1001 1582 i.
1022 1545 1049 1584 e.
1069 1526 1216 1585 hominem

56 1612 241 1680 Thessalum,
262 1612 291 1668 in
310 1611 383 1668 libro
405 1621 435 1666 ur
450 1611 563 1669 viderur
576 1612 822 1685 Tiressalicorum,
842 1635 878 1674 ex
899 1635 956 1692 quo
976 1618 1063 1674 etiam
1083 1637 1118 1675 ea
1139 1637 1215 1694 qoae

56 1725 81 1763 ε.
95 1723 120 1761 ι.
132 1697 275 1779 Δωδώνη
289 1724 319 1781 p.
330 1704 395 1762 247.
415 1703 558 1779 leguntur,
580 1705 708 1764 derivata
729 1719 804 1764 sunt.
825 1708 902 1767 adde
915 1707 1045 1766 Boeokh.
1066 1709 1104 1765 ad
1123 1710 1214 1767 schol.

55 1797 140 1856 Pind.
155 1796 239 1872 Pyro.
251 1801 298 1866 10,
311 1799 358 1857 85.
379 1815 413 1853 ac
432 1795 558 1855 sortasse
579 1816 654 1873 quae
674 1809 834 1876 sequuntur
853 1801 948 1857 statim
969 1801 1065 1869 rerba,
1085 1795 1215 1877 δευτίρα

56 1900 101 1983 (β’
120 1905 190 1982 RV)
222 1902 290 1985 περί
319 1901 498 1964 Θεσσαλίαν
523 1885 699 1982 (Θεσσαλίδι
717 1907 769 1983 R),
799 1910 828 1966 in
855 1909 959 1985 quibos
987 1904 1116 1986 δευτέρα
1144 1910 1215 1969 ferri

55 2019 114 2058 ooo
134 2009 240 2078 potest,
261 2018 324 2056 cmo
346 1997 383 2056 de
403 2000 493 2056 tribus
510 2001 566 2058 iam
580 2001 706 2079 Ephyris
721 2011 815 2058 actum
830 2003 876 2069 sit,
896 2021 960 2060 cum
976 2001 1086 2060 Cineae
1099 2005 1214 2062 nomiae

56 2095 86 2150 in
105 2092 182 2149 hunc
201 2091 316 2148 modum
338 2092 539 2168 coniungenda
559 2103 638 2152 sunt:
658 2089 772 2163 Κινίας
792 2089 808 2154 ό
831 2087 934 2174 ῥήτωρ
955 2088 987 2168 β’
1008 2091 1075 2170 περὶ
1092 2091 1213 2154 Θεσσα·

56 2181 126 2252 λίας
145 2181 196 2242 καί
213 2175 450 2261 Ἐπαφρόδιτος.
472 2184 509 2242 ad
530 2185 606 2244 hane
626 2187 826 2246 Thessalicam
846 2187 1003 2266 Ephyram,
1024 2205 1110 2263 quam
1127 2189 1213 2248 Hom.

55 2277 91 2336 n.
113 2281 166 2348 13,
187 2281 238 2334 301
263 2287 478 2344 commemorat,
503 2277 594 2336 schol.
616 2279 700 2337 Piod.
721 2281 807 2338 Nem.
827 2285 861 2354 7,
881 2284 919 2339 53
945 2297 1003 2337 non
1024 2289 1102 2338 recte
1123 2280 1214 2340 refert

56 2372 205 2448 odysm,
219 2369 284 2437 249,
306 2385 390 2444 quem
411 2367 504 2425 iocum
526 2380 637 2429 veteres
658 2372 697 2429 ad
711 2371 935 2451 'I'lreaproticam
955 2372 1138 2432 rettulerunt.
1160 2374 1213 2432 sed

56 2465 230 2522 scholiastae
249 2464 335 2520 rerba
356 2462 396 2518 ita
416 2463 512 2538 potius
532 2463 704 2540 corrigenda
724 2474 801 2522 aunt:
822 2461 977 2543 τίσσαρας
991 2459 1025 2522 δι’
1039 2455 1213 2544 ἀναγράφει

57 2554 180 2632 (Φίλων
205 2557 308 2633 opinor
333 2554 361 2610 io
387 2554 460 2611 libro
481 2555 518 2614 de
538 2551 669 2629 urbibus)
690 2551 749 2623 τὰς
765 2550 913 2666 Ἕφόρας.
938 2550 1064 2634 πρώτην
1080 2554 1138 2631 μίν
1157 2552 1215 2632 την

57 2637 152 2717 αὖθις
171 2641 332 2720 Κόρινθον
351 2639 593 2720 ὀνομασθεῖσαν.
606 2639 790 2796 ῖαθμηρος
795 2642 860 2707 ίστι
879 2641 967 2717 πόλις
982 2641 1136 2726 Ἔφόρη”.
1156 2643 1214 2708 ive·
1332 2669 1349 2702 ε

56 2762 115 2821 ραν
135 2736 170 2798 δὲ
190 2735 247 2814 τνν
265 2734 334 2814 περι
355 2733 497 2797 Θεσσαλ
495 2757 542 2796 αν
567 2735 674 2818 τρίτην
693 2736 728 2798 ar
746 2736 816 2816 περί
827 2723 970 2808 '‘Hao,
951 2758 988 2814 ης
1002 2733 1214 2818 Ἱππίαςμνη

53 2827 186 2910 μονεόει.
205 2821 354 2908 τετιίρτην
372 2851 429 2908 την
445 2828 480 2890 ἐν
495 2827 704 2910 Θεσπρωτοῖς.
719 2823 885 2914 Ομηρος
886 2829 930 2914 ίξ
946 2823 1116 2909 Ἐφόρης’
1098 2825 1213 2892 ανιόντι

55 2946 120 3004 παρ
119 2917 233 2982 ’Ἴλου
258 2917 485 3000 Μερμερί”δαο
489 2965 497 2981 .
528 2944 563 2982 ac
593 2925 718 2986 sortasse
748 2935 816 3004 port
842 2919 1020 2984 Θεσσαλίαν
1045 2925 1214 2990 exciderunt

57 3009 292 3094 ΙιιιεαιὍμηρας
306 3009 371 3096 αταί
383 3011 440 3089 μίν
454 3008 502 3092 ἄρ’
514 3013 548 3075 ἐκ
560 3012 687 3098 Θρῄκης
696 3011 850 3098 Ἐφόρους
857 3011 937 3092 pelta
949 3011 1212 3097 θωρήσσεσθον”.

57 3120 85 3174 1.
97 3109 200 3190 τρίτη]
217 3101 244 3168 τ’
256 3109 321 3168 RV.
343 3109 368 3165 εἰ
388 3108 425 3166 de
446 3111 642 3187 superioribus
655 3121 733 3171 recte
747 3111 907 3178 statuimus,
926 3111 1109 3168 scribendum
1122 3121 1167 3168 est
1179 3104 1212 3170 ε’.

59 3215 153 3297 Οίνόη
166 3221 203 3288 Χ,
223 3211 241 3296 r‘,
260 3209 353 3293 Οίνόη
369 3217 407 3286 Η,
430 3211 543 3294 Οίνόην
556 3222 617 3290 AV,
639 3197 751 3296 Οἰνοηίι
770 3221 806 3278 R.
826 3220 922 3296 poeuis
943 3220 1029 3276 etiam
1043 3215 1102 3293 [ίν]
1119 3215 1213 3298 Οίνόη

56 3318 101 3378 rel
122 3310 218 3390 [περί]
243 3303 691 3386 οίνόην.1ιαιιατεεοοεαοαο
712 3331 769 3369 noo
790 3311 932 3369 diversam
952 3329 1018 3369 esee
1039 3313 1075 3368 ab
1094 3309 1212 3418 Ephyra

54 3410 157 3468 Eliaca
177 3413 290 3462 constat
310 3423 327 3461 e
345 3401 436 3461 schol.
453 3395 532 3472 il.',o
554 3409 623 3464 531·
643 3402 675 3474 ίξ
691 3397 840 3513 Ἐφύρης]
861 3399 968 3479 τῆςίν
951 3393 1138 3471 ν”,“Ηλιδι
1117 3403 1213 3478 ηνῦν

55 3501 193 3561 καλεῖται
217 3487 320 3570 Οἰνόη,
342 3507 371 3553 et
390 3495 486 3552 Strab.
506 3501 535 3554 7.
556 3517 586 3575 p.
607 3501 678 3556 338:
699 3489 782 3575 ίφ’
768 3516 793 3554 ω
815 3487 1003 3572 (Σελληεντι)
1021 3487 1142 3573 Ἐφόρα
1161 3487 1213 3556 πό-

55 3595 151 3662 λις-
111 3609 230 3666 -ητοι
249 3612 270 3697 η
291 3582 370 3666 αὕτη
390 3574 470 3646 οὖσα
490 3607 528 3667 τη
515 3583 694 3646 Βοιωνιόα
711 3583 781 3664 (τὴν
799 3583 859 3663 γδρ
877 3575 1046 3662 οίνόην“
1009 3605 1091 3645 ουτω
1111 3586 1214 3646 καλεῖν

54 3675 258 3758 είιόθασιν)
245 3703 264 3758 η
258 3673 416 3756 πλησίον
436 3673 542 3756 αὐτῆς.
569 3683 617 3739 ubi
641 3701 695 3760 pro
715 3673 866 3762 Βοιωνιόη
887 3681 998 3737 Coraes
1018 3689 1095 3739 recte
1115 3681 1212 3758 nuspi-

55 3789 137 3836 oatur
156 3767 290 3857 Βοινιόα,
313 3774 391 3850 quod
411 3773 578 3882 Stephanus
600 3772 792 3831 confirmato.
814 3792 839 3830 v.
865 3766 955 3847 Οίνη,
976 3763 1065 3840 πόλις
1084 3765 1213 3848 Ἄργους

54 3857 204 3946 -Ὠρος
229 3863 263 3926 δε
286 3859 407 3942 Οινιόην
433 3857 530 3941 αὐτήν
556 3883 665 3944 φησιν,
691 3884 729 3941 ης
752 3859 788 3923 τό
815 3860 940 3924 ίθνικὸν
963 3857 1135 3939 Οίνωιίτης,
1162 3861 1213 3922 καί

53 3957 195 4038 Θηλοκόν
212 3957 364 4026 Οινωατις
376 3950 527 4034 Αρτεμις
547 3951 620 4034 ηίν
636 3951 738 4036 Θίνιόη
758 3976 814 4033 της
826 3952 929 4034 Αρηε
928 3974 965 4024 ας
985 3950 1167 4032 ἱδρυμένη(
1152 3951 1211 4014 οπό

54 4051 207 4132 Προίτου.
227 4054 276 4110 ubi
298 4051 362 4110 ride
384 4070 458 4128 quae
478 4051 687 4108 adnotavimus.
766 4057 794 4110 2.
809 4044 988 4124 Ἀρκαδίας]
1011 4049 1091 4106 Haec
1111 4048 1213 4106 eadem

54 4167 121 4206 cum
133 4147 243 4213 Eliaoa,
264 4156 294 4202 ot
315 4143 470 4204 recreari.
491 4143 569 4201 haud
591 4161 657 4200 raro
676 4143 777 4200 Eliaoa
798 4144 862 4200 loca
875 4141 1018 4200 Arcadiae
1039 4142 1215 4200 contermina

53 4241 205 4299 Arcadiois
231 4248 429 4296 accensentur.
462 4236 501 4294 of.
528 4237 637 4314 Vngeri
662 4236 729 4292 Par.
757 4235 853 4292 Theb.
879 4255 909 4312 p.
930 4233 997 4292 462.
1113 4237 1141 4290 3.
1161 4228 1213 4289 καί

55 4328 238 4399 Θεσσαλίας
268 4329 309 4388 nil
339 4341 383 4388 est
410 4331 464 4388 nisi
489 4323 695 4407 διττοηραφία
721 4328 900 4403 aequantium
927 4329 1085 4384 verborum.
1116 4325 1213 4400 itaque

53 4426 173 4486 seclusi.
252 4427 281 4482 7.
300 4417 450 4498 Ἐχελῖδαι
470 4423 506 4480 R.

956 4503 1015 4564 19*
