2888 5084
770 269 844 344 172

312 449 508 536 Βλέμοες,
529 445 632 531 ἔθνος
652 451 857 541 βαρβαρικόν
873 447 1018 540 Λιβύης,
1040 449 1113 522 ιἰπό
1131 453 1288 538 Βλίμυος
1310 451 1388 536 ἑνός

228 575 295 639 τῶν
322 565 495 660 Δηριόδου
520 573 622 658 τριῶν
647 564 907 661 ὑποστρατηγῶν
932 577 998 639 τιῦν
1024 571 1084 641 ούν
1111 567 1203 661 αύτῷ
1229 570 1388 664 Διονύσῳ

229 685 501 778 πολεμησόντων.
534 681 619 778 ἦσαν
640 689 679 758 δὲ
698 685 852 779 Ὀρόντης
872 689 930 758 καὶ
944 685 1146 780 Ὀροούνδης
1166 691 1223 759 καί
1239 691 1387 777 Βλέμνς.

187 801 192 814 '
315 804 546 887 Βοαύλεια,
569 803 672 887 πόλις
693 807 853 890 Σκυθίας,
875 806 1087 897 Πείσανδρος
1109 806 1242 899 είκοοτῇ
1264 809 1353 900 λύπη.

203 952 216 993 ι
314 924 527 1014 Βοβωνία,
557 923 659 1008 πόλις
676 922 832 1008 Ἰταλίας.
875 927 914 995 τό
937 925 1074 996 ἑθνικδν
1096 926 1319 1019 Βοβωνιότης
1340 926 1387 1010 ὡς

223 1043 468 1136 Ῥιδομνιότης,
491 1039 512 1134 ἢ
534 1038 712 1128 Βοβαίνιος
734 1041 781 1126 ιύς
798 1040 1003 1130 Ῥιθύμνιος.

312 1163 488 1254 Βόγχαι,
526 1159 629 1242 ἔθνος
663 1169 734 1244 τοῖς
766 1169 955 1256 Καρρηνοῖς
992 1161 1244 1252 προςκείμενον,
1281 1167 1387 1251 μέσον

227 1281 408 1375 Εὐφράτου
431 1282 488 1350 καὶ
510 1277 625 1370 Κύρου
646 1286 811 1368 ποταμοῦ,
841 1279 888 1364 ὡς
908 1278 1138 1370 Κουάδρατος.

313 1398 462 1490 Βοίβη,
491 1395 594 1479 πόλις
623 1397 823 1482 Θεσσαλίας.
858 1399 1004 1491 ’Όμηρος
1034 1398 1190 1494 «Βοίβην
1216 1404 1274 1472 καὶ
1295 1407 1404 1475 Γλα.·

191 1547 217 1586 ιιι
229 1519 338 1614 φύρας
366 1519 424 1588 καί
452 1518 643 1608 ἐυκτιμένην
667 1515 860 1588 Ἰαωλκόν”.
905 1517 996 1589 ἔστιν
1026 1514 1085 1588 οὖν
1113 1521 1172 1588 καὶ
1200 1518 1303 1604 πόλις
1330 1525 1387 1594 καὶ

229 1641 325 1730 λίμνη
341 1634 501 1725 Βοιβιός,
524 1634 595 1707 ἀπὸ
612 1635 745 1724 Βοίβοιι
765 1642 827 1706 τοῦ
842 1635 1024 1728 Γλαφύροο
1045 1641 1106 1706 τοῦ
1126 1638 1186 1720 τὰς
1201 1639 1386 1732 Γλαφύρας

227 1751 411 1840 κτίσαντος.
446 1754 519 1826 ἔστι
539 1756 597 1826 καλ
617 1757 653 1826 ἐν
673 1754 790 1848 Κρήτη
812 1754 923 1846 Βοίβη
945 1760 1004 1844 τῆς
1025 1756 1237 1846 Γορτονίδος.
1270 1761 1329 1829 καί
1349 1759 1384 1831 ἐν

228 1875 429 1967 Μακεδονίᾳ
460 1874 556 1966 λίμνη
585 1875 708 1965 Βοίβη.
751 1877 790 1945 τό
821 1873 959 1945 ἐθνικδν
986 1879 1045 1964 ιῆς
1072 1875 1204 1967 Βοίβης
1234 1878 1384 1966 Βοιβεύς

228 1999 286 2068 καί
306 1991 452 2086 Βοιβηίς
472 1991 638 2084 θηλυκόν·
667 1993 698 2064 εί
719 1998 757 2064 δί
778 1996 836 2064 καὶ
855 1997 1039 2079 Βοιβαῖος,
1067 1990 1108 2062 ού
1133 1993 1267 2066 κωλύει.
1311 1995 1382 2067 ἔστι

191 2119 286 2187 ιεκαί
306 2111 476 2206 Βοιβήιον
497 2113 610 2197 πόλις.
655 2115 789 2202 λέγεται
810 2115 849 2184 δὲ
871 2113 929 2182 καὶ
949 2109 1080 2197 Βοιβία
1102 2109 1122 2204 ἡ
1147 2113 1255 2206 λίμνη.

312 2242 346 2309 Β
354 2236 511 2318 ολλλαι,
539 2230 641 2314 πόλις
660 2231 832 2302 Λατίνων.
875 2231 915 2301 τό
941 2227 1080 2301 ἒθνικόν
1102 2231 1308 2317 Βοϊλλανός,
1337 2231 1382 2317 ιύς

227 2352 409 2437 Διονύσιος
422 2355 466 2424 -δν
488 2349 598 2442 ὀγδόῳ
620 2357 679 2442 τῆς
694 2349 880 2439 Ῥωμαϊκῆς
900 2345 1149 2442 ἀρχαιολογίας.

310 2471 456 2554 Βοιόν,
486 2464 685 2562 ἣνὍμηρος
713 2467 802 2539 ἔοικε
824 2467 955 2559 Βοίβην
982 2471 1101 2559 λέγειν.
1145 2470 1218 2543 ἔστι
1243 2476 1283 2544 δὲ
1304 2483 1382 2544 Διο-

226 2594 301 2686 ρική
323 2590 426 2673 πόλις
447 2587 629 2680 οὐδετέρως
652 2589 811 2678 λεγομένη
832 2588 889 2656 καί
909 2592 1076 2678 θηλυκῶς.
1107 2587 1180 2658 ἔστι
1196 2591 1306 2663 Βοιαί
1325 2595 1382 2662 καί

188 2710 362 2804 τοΚρήτης
387 2707 501 2792 πόλις.
546 2704 564 2778 ό
593 2706 734 2797 πολίτης
761 2703 928 2797 Βοιότης,
960 2703 1007 2790 ὥς
1034 2706 1171 2800 Καρύαι
1191 2711 1380 2803 Καρύόιης,

225 2829 377 2900 Πιτάναι
398 2824 600 2916 Πιτανότης,
626 2824 786 2913 Θαλάμαι
810 2825 1024 2917 Θαλαμότης.
1061 2830 1194 2919 λέγεται
1217 2831 1274 2901 καλ
1295 2836 1382 2902 Βοι-

226 3032 427 3043 -ι--ι

122 3205 124 3210 ,
224 3139 253 3193 3.
271 3121 461 3212 Ὀροοιίνδης
484 3132 543 3211 Pp,
570 3123 763 3209 Ὀροοιίνδος
788 3132 830 3203 V,
857 3125 1032 3211 Ὀροαιίδας
1055 3134 1097 3203 R,
1124 3126 1320 3210 Ὀροβιίνδας
1346 3138 1379 3194 Α.

224 3228 252 3285 4.
265 3221 447 3305 Πίσανδρος
466 3226 503 3284 V.
581 3228 610 3284 5.
627 3221 773 3297 Βοβιονιά
792 3226 832 3294 Μ,
853 3219 1013 3301 Βοβιύνιια
1033 3228 1121 3297 ARV,
1141 3220 1324 3302 Βοοβιύνεια
1337 3225 1380 3286 Π.

224 3340 330 3380 nomen
355 3320 412 3376 hoc
436 3338 453 3377 ε
478 3313 620 3376 Βονωνία
645 3328 810 3396 corruptum
838 3320 959 3377 videtur.
1077 3325 1104 3378 6.
1120 3314 1333 3396 Ῥιθιμνιότης
1352 3330 1382 3380 ει

219 3407 389 3488 Ῥιδίμνιος
408 3413 444 3470 R.
521 3416 551 3471 7.
565 3402 699 3489 Βόγχναι
714 3412 751 3470 X.
829 3410 1033 3489 Καρηνοΐςλ.
1114 3408 1381 3492 προσκείμενονλλ,

224 3499 448 3584 παρακείμενον
466 3506 527 3563 AV.
625 3508 653 3563 8.
673 3497 790 3582 Κύρριι
809 3505 980 3564 Bochartus.
1079 3513 1106 3566 9.
1128 3500 1228 3581 Βοίβη
1248 3506 1381 3574 Vossius,

224 3597 341 3671 Βοῖβος
360 3596 435 3654 libri.
527 3587 678 3672 Ὅμηρος]
700 3597 732 3655 ll.
753 3603 782 3668 2,
801 3603 868 3658 712.
964 3594 1036 3674 βίην
1055 3601 1092 3668 R,
1111 3591 1207 3673 βόνην
1226 3595 1270 3666 Π,
1290 3596 1382 3674 βαίην

223 3693 261 3750 V.
340 3694 429 3750 910.
443 3686 494 3747 καί
509 3681 682 3770 Γλαφύρας
702 3691 854 3760 Homerus,
874 3709 905 3749 τε
925 3687 1090 3770 γλαφυρὰν
1109 3692 1183 3750 libri.
1263 3696 1309 3750 10.
1326 3687 1381 3750 Ἰα-

223 3776 314 3841 ολκόν
333 3792 400 3841 ante
420 3782 456 3840 B.
574 3787 620 3840 11.
642 3780 813 3862 Γλαφνροῦ
839 3793 868 3842 et
887 3776 1059 3864 Γλαφυρύς
1085 3785 1158 3843 libri.
1189 3784 1380 3844 ι1.Ειιε1ιιιίι.

224 3876 262 3933 ad
282 3877 368 3933 Hom.
388 3894 419 3952 p.
440 3878 506 3944 327,
527 3879 578 3934 32:
606 3871 707 3952 Βοίβη
733 3869 794 3933 ἀπὸ
820 3872 939 3950 Βοίβου
958 3870 1029 3933 vimi
1048 3869 1218 3954 Γλαφύραν
1243 3877 1300 3935 τοῦ
1325 3874 1381 3946 τὰς

224 3961 396 4046 Γλαφύρας
419 3963 593 4036 κτίσαντος,
620 3961 662 4036 ὡς
687 3961 841 4047 ίστορεΐὸ
862 3961 1125 4045 ἀπογραφόμενος
1144 3964 1183 4026 τὰ
1203 3966 1324 4028 ἐθνικοί.

224 4064 271 4121 13.
291 4054 406 4133 Βοίβη]
426 4059 487 4115 imo
507 4051 624 4136 Βόλβη.
744 4064 790 4120 15.
811 4056 845 4117 δι’
865 4060 934 4117 add.
955 4059 1030 4119 HR.
1136 4058 1187 4120 καί
1210 4055 1382 4143 υΒοιβὴιον

222 4143 349 4210 &unffi
464 4154 510 4208 16.
531 4149 663 4210 Roman
682 4153 744 4222 AV,
768 4135 896 4211 Βοῖλλαι
917 4155 953 4213 X.
1072 4159 1119 4214 17.
1139 4150 1171 4212 λν
1190 4174 1247 4212 οια.
1267 4156 1333 4214 RV.

224 4237 339 4322 ὀγδόῳ]
361 4263 386 4300 e.
400 4246 437 4301 18
458 4243 506 4300 ubi
520 4240 672 4303 Βωλανοί.
751 4250 797 4305 18.
812 4243 907 4303 Βοῖον
927 4247 1021 4323 vulgo.
1042 4255 1167 4305 ceterum
1187 4247 1264 4306 falsa
1283 4249 1380 4306 tradit.

224 4329 289 4394 iim
303 4331 354 4393 καί
368 4333 411 4394 Π.
490 4339 536 4395 19.
551 4332 658 4410 Βοιαί]
681 4338 761 4395 Haec
776 4337 901 4398 sortasse
921 4339 1034 4408 eadem,
1054 4359 1129 4416 quae
1148 4341 1179 4397 in
1194 4341 1381 4418 praecedenti

224 4437 359 4488 tinemate
379 4421 480 4502 Βοίγλη
501 4427 619 4502 <licitum
639 4431 747 4488 monuit
767 4431 803 4490 B.
901 4437 949 4490 21.
972 4427 1161 4505 Θαλαμᾶται
1181 4431 1285 4492 HRV.
