2888 5084
665 319 667 324 ,
744 243 817 318 184

201 427 360 511 Βοότιος,
394 433 455 498 τοῦ
489 429 527 498 δὲ
558 411 705 506 Βουτοῦς
733 421 916 512 Βουτσίιης
943 418 965 511 ἢ
994 416 1192 510 Βουτοίτης,
1225 414 1361 508 ὡς’τῆς

203 553 336 636 Σαβσῦς
355 546 522 636 Σαβοΐιης
542 546 600 614 καὶ
619 543 796 633 Σαβοίτης.

289 662 507 752 Βούτριον,
531 658 577 745 ὡς
594 659 740 754 Ῥήγιον,
761 667 821 751 τῆς
839 658 983 741 Ἰταλίας
1004 657 1117 740 πόλις.
1161 657 1201 728 τό
1223 656 1362 727 ίθνικόν

204 790 392 874 Βουτρῒνος,
406 779 453 864 ὡς
469 781 624 873 Ῥηγῖνος.

179 933 193 972 ι
289 901 471 994 Βουῳία,
500 899 593 992 κιόμη
618 906 677 992 τῆς
703 897 903 981 Σικυωνίας,
921 893 1069 990 Ἔφορος
1091 895 1229 986 εἰκοστῷ
1249 892 1362 986 τρίτῳ.

206 1022 246 1091 τό
267 1021 405 1090 ἒθνικόν
426 1017 607 1112 Βουφιούς.

290 1137 487 1229 Βραισοί,
516 1135 618 1218 ἔθνος
639 1135 872 1220 Μακεδονίας,
894 1132 1076 1217 Διονύσιος
1096 1133 1132 1205 ἓν
1151 1133 1246 1225 τρίτη
1269 1143 1364 1204 Βασ-

205 1281 362 1349 σαρικων.

291 1373 488 1466 Βρασιαί,
518 1371 622 1456 πόλις
644 1370 845 1463 Λακωνική,
874 1371 1074 1454 Παυσανίας
1099 1371 1210 1464 τρίτῳ.
1254 1368 1364 1442 ὃπο-

167 1523 194 1562 ιυ
206 1495 298 1586 λίτης
318 1491 522 1587 Βρασιότης.

293 1610 499 1706 Βραυρών,
529 1614 635 1701 δῆμος
653 1616 714 1701 τῆς
740 1607 903 1702 Ἀττικῆς,
932 1608 1004 1680 ἀπὸ
1019 1616 1225 1702 Βραυρῶνος
1244 1610 1363 1702 ἥρωος,

207 1730 265 1826 ἀφ’
290 1724 330 1802 οὗ
351 1733 409 1802 καὶ
430 1729 630 1822 Βραυρωνία
652 1726 672 1820 ἡ
694 1725 863 1822 Ἄρτεμις.
906 1733 949 1800 τὰ
969 1731 1094 1800 worma*
1116 1728 1366 1822 Βραυρωνόθεν

206 1848 431 1944 Βραυρῶνόόι
452 1855 639 1940 Βραυρῶνι,
661 1847 708 1931 ὡς
729 1854 939 1941 Μαραθῶνι.

293 1967 459 2059 Βραχία.
499 1965 604 2049 ούτως
625 1965 645 2056 ἡ
663 1966 823 2060 Ἀραβική
847 1966 1010 2038 θάλασσα
1029 1970 1191 2037 καλεῖται.
1236 1967 1366 2062 ἐκλήθη

169 2113 195 2154 ιι
208 2089 247 2157 δὲ
269 2087 387 2156 διὰτὸ
409 2085 445 2155 ἐν
467 2083 553 2176 αὐτῇ
574 2082 681 2174 βρόχη
703 2081 791 2156 εἶναι
813 2091 966 2157 πλεῖστα.
1010 2084 1100 2156 ἔστιν
1129 2082 1188 2157 οὖν
1209 2092 1304 2180 παρὰ
1324 2091 1366 2161 τό

208 2202 342 2295 βρόχος.
385 2205 425 2274 τό
446 2204 588 2273 τοπικόν
609 2203 807 2296 Βραχιόιης,
832 2202 996 2295 Θύρόνιος
1019 2208 1057 2276 δὲ
1078 2208 1284 2298 Βραχιηνούς
1305 2205 1366 2276 αύ-

207 2327 287 2406 τούς
309 2321 385 2416 ἔφη.

296 2449 544 2535 Βραχμᾶνες,
564 2440 703 2514 Ἰνδικόν
724 2441 826 2524 ἔθνος
849 2438 1057 2534 σοφώτατον,
1081 2439 1142 2526 οὓς
1161 2446 1219 2514 καὶ
1240 2441 1365 2535 Βρόχ-

207 2588 284 2648 μας
298 2565 468 2634 καλοῦσιν.
490 2559 697 2652 Ἱεροκλῆςό
711 2559 827 2644 ἐντοῖς
837 2560 1030 2653 φιλίστσρσί
1042 2588 1125 2655 φησι
1142 2566 1249 2658 αμιτιὶ
1259 2571 1367 2635 ταῦτα

170 2686 360 2773 ωσπουδῆς
389 2678 485 2765 ίίξιον
507 2679 671 2772 ἐνομίσθη
692 2682 731 2750 τό
753 2678 959 2771 Βραχμάνων
981 2679 1064 2750 ἰδεῖν
1085 2685 1207 2774 φῦλον,
1237 2680 1369 2772 ἀνδρῶν

209 2799 410 2892 φιλοσόφων
437 2803 495 2871 καί
520 2806 618 2882 θεοῖς
645 2799 768 2892 φίλων,
796 2797 882 2892 ἡλίῳ
909 2801 947 2870 δὲ
973 2797 1121 2885 μάλιστα
1141 2802 1367 2888 καθωσιωμέ-

209 2942 289 2987 ιιων·
324 2917 509 3003 ἀπέχονται
540 2922 578 2992 δὲ
609 2918 840 3010 σαρκοφαγίας
868 2916 980 3009 πόσης
1006 2922 1063 2990 καί
1091 2915 1278 3010 ὑπαίθριοι
1307 2922 1369 2992 τόν

96 3040 101 3046 ’
210 3033 266 3106 ἀεὶ
297 3034 415 3126 χρόνον
445 3036 638 3123 βιοτεύουσι
673 3039 728 3106 καί
761 3034 931 3127 ἀλήθειαν
963 3044 1120 3124 τιμῶσιν,
1139 3045 1297 3128 ,χρῶνται
1329 3041 1367 3110 δὲ

210 3155 332 3248 ἐσθῆτι
355 3159 430 3248 λινῇ
450 3161 493 3248 τῇ
514 3157 551 3226 ἐκ
573 3160 721 3246 πετρῶν·
746 3156 855 3226 λίθων
877 3159 938 3247 χόρ
959 3154 1136 3248 μηρύματα
1156 3159 1293 3245 μαλακὰ
1310 3163 1368 3229 καί

209 3404 411 3416 ---—--——-·

210 3569 238 3622 1.
249 3555 391 3630 Βοότιος,
411 3563 468 3622 τού
482 3561 518 3622 δέ
529 3562 670 3632 Βουτοῦς
683 3563 727 3634 Π,
748 3558 867 3623 Βοότια
881 3564 937 3624 τοῦ
951 3560 985 3621 δὲ
994 3561 1121 3633 Βουτᾶς
1132 3567 1166 3634 Δ,
1187 3557 1322 3635 Βαίτιος
1333 3567 1370 3625 τό

209 3651 244 3712 «ii
262 3652 403 3722 Βουτοῦς
422 3657 487 3724 RV,
514 3649 656 3726 Βοότιος,
676 3659 732 3734 τῆς
752 3656 786 3716 δὲ
806 3656 947 3725 Βουτοῦς
965 3657 1002 3716 Β.
1028 3667 1180 3735 praeterea
1204 3669 1272 3736 post
1290 3653 1370 3717 Βοό·

208 3766 274 3814 τιος
303 3747 447 3807 excidisse
473 3751 585 3809 videtur
612 3741 631 3827 ἢ
658 3747 821 3827 Βουτίτης.
851 3751 890 3809 cf.
911 3771 935 3808 ι.
957 3771 982 3808 ν.
1008 3743 1160 3823 Βύβλος,Ι
1178 3745 1223 3828 τό
1245 3746 1372 3810 ίθνικόν

209 3831 346 3912 Βύβλιος
369 3830 388 3914 ἢ
410 3839 575 3918 Βυβλίτης.
692 3841 865 3919 Βουτοίτης
889 3840 941 3900 καί
965 3839 1119 3918 Βουτίτης
1143 3845 1181 3913 Α,
1205 3840 1372 3920 Βσιτοίτης

208 3922 421 4007 ἢΒσυτοίτης
440 3935 504 3991 RV.
591 3941 620 3993 2.
641 3932 693 3994 nai
713 3933 875 4012 Σαβ..της
893 3937 958 3994 RV.
1046 3940 1075 3993 9.
1096 3931 1205 4016 τρίτῳ]
1225 3955 1250 3992 e.
1271 3939 1320 4005 21,
1339 3939 1371 3994 7.

209 4024 262 4092 24,
291 4028 319 4080 3.
445 4031 492 4083 11.
513 4019 670 4104 Βραύρων
692 4039 721 4087 et
745 4020 935 4104 Βραύρωνος
959 4029 1033 4087 libri.
1163 4028 1209 4086 14.
1230 4026 1370 4107 Βραχεῖα

210 4115 342 4172 Vossius.
374 4132 408 4171 ae
437 4134 509 4175 sane
531 4121 571 4175 ita
602 4121 664 4178 iere
696 4130 799 4178 vocant
829 4123 917 4179 ceteri
947 4124 1116 4200 scriptores,
1147 4131 1177 4178 at
1207 4130 1372 4199 repugnant

210 4206 329 4283 gentilia
354 4199 534 4283 Βραχιιίτης
558 4219 587 4269 et
611 4207 800 4289 Βραχιηνός,
826 4215 880 4272 οἰσὶ
904 4214 977 4273 haec
1003 4233 1118 4291 quoque
1146 4215 1283 4290 corrigas.

211 4301 258 4356 18.
281 4295 445 4375 Βραμᾶνις
464 4300 528 4358 RV.
627 4306 674 4362 24.
696 4302 804 4363 λίθων.
824 4301 863 4364 τό
882 4299 1052 4382 μυρήμιιτα
1073 4309 1107 4376 R,
1128 4304 1237 4365 λίθων.
1257 4301 1297 4364 τὰ
1315 4325 1371 4381 μη·

212 4383 337 4466 ρύμιιτα
357 4391 419 4461 AV,
440 4395 563 4454 correxit
583 4397 757 4454 Pearsonus.
