2888 5070
609 281 679 355 301

149 457 276 550 Ἠλις,
301 458 401 543 πόλις
425 464 510 552 πρός
532 469 574 553 τῇ
591 463 796 555 [Αἰγυπτίᾳ]
815 461 992 555 Ὀλυμπίᾳ,
1017 459 1087 533 δπό
1108 461 1228 534 Ἠλίου

66 587 127 650 τοῦ
156 580 329 651 Ταντάλου
352 580 489 663 παιδός.
533 578 604 650 ἔστι
633 584 690 651 καί
718 577 801 670 δίλλη
824 580 1016 678 Ἀρκαδίας.
1060 583 1117 650 καὶ
1137 581 1228 672 τρίτη

65 697 249 782 Ἱσπανίας.
300 698 319 769 ό
352 698 545 790 πολίτης
526 703 596 770 απδ
629 707 689 790 τῆς
713 696 857 783 Ηλιδος
891 705 1032 792 γενικῆς
1057 698 1230 792 ἀναλόγως

65 816 283 902 ΗΗλιδειος(
260 848 306 901 ως
321 818 537 902 Ἀδωνίδειος
558 847 615 889 και
606 819 860 900 Είιπολίδειος
881 825 1021 964 κτητικηλ
1041 819 1148 910 τύπῳ,
1172 822 1229 890 καί

68 936 148 1008 καθ’
178 939 299 1030 ὕφεσιν
324 945 386 1009 τοῦ
409 930 430 1009 δ
447 938 598 1021 Ἠλίειος
620 941 677 1008 καὶ
696 935 841 1020 Ἠλεῖος.
886 936 943 1031 αφ’
969 931 1009 1008 ού
1033 936 1185 1034 t'Alle't‘og
1208 935 1292 1009 ‹is'¹

73 1055 196 1141 Ζεύς”.
241 1055 384 1148 Τρύφων
400 1059 439 1128 δέ
456 1085 559 1149 φησιν
577 1059 630 1128 ὅτι
642 1055 777 1140 Ἠλίεος
792 1059 850 1127 καί
864 1057 1001 1140 Ἠλέὶος
1015 1085 1072 1126 και
1063 1057 1228 1142 Ἠλεῖος.

61 1177 206 1267 ’Όμηρος
242 1175 275 1246 δ’
311 1174 470 1259 Ἐπειοδς
505 1176 628 1259 αύτούς
663 1204 757 1268 φησι.
809 1179 866 1246 καὶ
900 1182 1060 1268 κτητικώς
1098 1179 1230 1267 λέγεται

67 1293 240 1378 Ἠλιαιιός.
277 1297 429 1385 λέγονται
451 1299 509 1366 καὶ
529 1302 792 1388 πατρωνυμικώς
810 1294 985 1368 Ἠλιύδαι.
1019 1296 1231 1386 λέγεταικαὶ
1287 1323 1293 1334 ’

67 1411 247 1496 Ἠλιδία,
271 1412 317 1496 ὡς
343 1416 504 1508 Ψωφιδία
527 1418 583 1485 καί
600 1414 771 1503 Ἀρκαδία,
796 1413 867 1487 dno
889 1420 1028 1506 γενικῆς,
1053 1418 1109 1485 καί
1134 1415 1230 1508 ἐπίρ-

71 1560 157 1622 ρημα
175 1530 390 1602 Ἠλιδίαθεν.
434 1537 473 1606 τό
496 1539 535 1606 δὲ
554 1533 689 1616 Ἠλεῖος
710 1537 767 1604 καὶ
789 1537 946 1622 θηλυκῶς
967 1560 1082 1624 φασιν.
1114 1613 1115 1618 ¹
1243 1573 1270 1612 ,ο

152 1649 323 1743 Ἠλώνη,
352 1652 456 1736 πόλις
477 1651 698 1745 Περραιβική.
734 1653 880 1742 ’Όμηρος
908 1635 1055 1746 αὌρθην
1077 1651 1230 1743 Ἠλώνην

72 1767 144 1839 τι”.
179 1776 235 1840 νῦν
258 1774 296 1842 δὲ
317 1773 532 1862 Λειμώνη,
556 1775 615 1843 διὰ
636 1776 695 1842 τὸν
718 1769 752 1841 ἓν
774 1768 858 1862 αὐτῇ
881 1775 1038 1857 λειμῶνα.
1074 1773 1114 1842 τό
1136 1774 1231 1842 ἐθνι-

73 1891 130 1960 κδν
149 1887 347 1973 Ἠλωναίος.

154 2008 354 2097 Ἠμαθία,
389 2009 491 2094 πόλις
522 2014 579 2080 καί
607 2010 804 2101 χωρίον.η
782 2007 891 2099 ἡνῦν
921 2009 1132 2080 Μακεδονία.
1176 2013 1233 2080 καί

71 2126 297 2216 Ἠμαθίςι
280 2127 423 2220 ηχώρα.
1078 2173 1083 2180 ·=
1245 2168 1268 2206 ιι

74 2413 100 2465 1.
126 2403 286 2489 Αἰγυπτία
318 2410 420 2465 omittit
450 2410 616 2467 Enslallnins
648 2409 685 2467 ad
718 2409 748 2466 ll.
781 2430 811 2488 p.
837 2413 907 2477 303,
938 2413 988 2467 36:
1027 2430 1047 2486 η
1079 2405 1112 2466 δε
1140 2395 1232 2477 Ηλις

74 2487 200 2568 πόλις’
183 2521 220 2575 ην
245 2495 344 2612 πρὸς
346 2502 385 2579 τῆ
408 2495 480 2560 ’roa
472 2500 562 2586 ιγίπιρ
587 2497 667 2561 κατὰ
693 2496 748 2558 τὸν
767 2521 806 2558 τα
795 2497 934 2559 ἓθνυιιλ
954 2494 1138 2578 γράψαντα,
1164 2503 1231 2579 κλη-
1286 2509 1295 2520 ”

74 2593 176 2661 θεῖσα,
199 2588 303 2672 φησίν,
326 2585 386 2653 cinti
406 2523 513 2652 Ἠλιύυ
534 2563 647 2663 ιίαιδδς
671 2586 843 2652 Ταντάλου.
925 2587 1033 2650 ΗΗλιου
1053 2594 1231 2662 Eunomus,
1267 2590 1269 2596 ’

75 2677 198 2742 Ηλείου
225 2687 298 2742 libri.
435 2692 462 2745 3.
484 2684 623 2754 Σπιινίας
648 2689 683 2744 R.
821 2688 848 2744 4.
870 2687 1002 2796 κτητικηῖ
1027 2679 1112 2743 τύπω
1133 2684 1232 2746 καλΗ

75 2797 110 2834 ex
129 2778 280 2834 Eustatlrio
302 2779 320 2834 l.
333 2779 363 2846 1.,
384 2775 436 2836 καὶ
457 2800 588 2860 κτητικιι
609 2772 696 2859 τύπω
718 2779 779 2846 AV,
800 2775 850 2835 καὶ
871 2774 1013 2854 κτητικὸν
1032 2799 1118 2858 τιπιν
1138 2779 1174 2838 R

74 2873 143 2929 5..6
166 2863 219 2946 ἀφ’
242 2851 336 2925 ού-
355 2869 405 2930 καλ
426 2866 545 2941 Ἠλεῖος
564 2893 620 2930 orn.
641 2873 677 2930 R.
790 2863 939 3020 Ἀλὸεἴοςε
924 2892 940 2930 o
960 2862 1040 2940 Ζεύς
1061 2837 1233 2933 Callimachi

76 2963 163 3019 verba
196 2961 233 3019 fr.
260 2967 307 3021 99.
343 2957 463 3033 Ἠλεῖος
494 2977 602 3025 temere
631 2966 697 3022 ΒΗ.
834 2957 1011 3033 6.Ἠλίεος
1038 2960 1089 3023 καὶ
1114 2957 1235 3034 Ἠλείας

75 3053 256 3123 Enslathins,
286 3049 406 3125 Ἠλιίος
436 3057 486 3115 καί
514 3056 647 3126 Ἠλιίίος
677 3059 750 3114 libri.
783 3058 933 3115 Gavelins:
990 3077 1055 3114 nrnn
1081 3059 1120 3115 ila
1147 3059 1236 3118 voluit

76 3147 211 3226 ':l'ryplro
232 3134 336 3216 Ηλις,
358 3149 437 3219 λιος,
462 3146 596 3220 Ἡλιεύς,
618 3147 709 3220 λιίος,
731 3145 835 3218 λιείος,
858 3143 998 3216 'Hisne'
1006 3147 1020 3205 ’λ
1097 3156 1124 3210 7.
1141 3141 1252 3228 Ὅμηι

77 3243 143 3314 ρος]
171 3241 229 3301 Οδ.
252 3246 298 3306 13,
318 3247 385 3302 275.
504 3239 706 3320 κτητικύνλλ.
824 3249 852 3302 6.
873 3238 1010 3319 λέγονται
1030 3243 1093 3310 RV,
1117 3238 1234 3318 λέγεται

76 3339 108 3390 Α.
206 3342 234 3394 9.
252 3326 414 3403 ’‘Hlnllc
393 3355 435 3404 ιυς
460 3334 602 3416 Ψωφιδις
621 3358 672 3394 και
665 3331 832 3412 Ἀρκαδίς
852 3335 1020 3394 Salmasius.
1042 3345 1072 3392 at
1092 3353 1118 3392 v.
1138 3336 1234 3393 Annll.

75 3427 157 3484 Alex.
178 3447 207 3504 p.
219 3431 286 3485 318.
371 3427 534 3506 Ψωηειδίυ
554 3441 620 3489 ante
634 3432 669 3488 X.
748 3436 794 3488 10.
812 3422 963 3486 'Halano
983 3429 1018 3483 V.
1096 3418 1236 3504 θηλυκόν

76 3519 112 3576 R.
205 3525 252 3576 11.
274 3515 447 3598 Περαιβική
468 3523 529 3591 AV,
549 3515 726 3600 Περρεβική
746 3523 781 3580 R.
874 3511 1025 3597 Ὅμηρος]
1047 3522 1079 3578 ΙΙ.
1100 3525 1128 3589 2,
1148 3526 1215 3582 739.

71 3607 192 3688 Ὄρθην
212 3609 263 3668 καί
281 3606 423 3694 Ἠλώνην
444 3615 517 3673 libri.
614 3621 660 3673 12.
682 3609 767 3694 αύτῷ
790 3615 824 3671 V.
846 3624 971 3672 ceterum
992 3613 1064 3671 llaec
1084 3614 1121 3672 de
1141 3615 1258 3680 Elona

76 3705 191 3782 plenius
216 3706 322 3782 scripta
350 3709 516 3786 repperisse
542 3710 653 3766 videtur
677 3708 844 3765 Enslathins
868 3705 905 3762 ad
935 3707 1017 3763 Hom.
1040 3727 1069 3784 p.
1092 3711 1162 3776 333,
1183 3712 1234 3766 31:

72 3789 195 3871 Ἡλώνη
217 3797 260 3875 τῷ
279 3795 337 3872 μίν
357 3791 435 3879 τόνῳ
452 3794 493 3868 ὡς
505 3796 647 3877 Κορώνη,
670 3794 757 3858 καθύ
778 3817 875 3879 φασιν
894 3794 922 3854 oi
942 3797 1083 3855 παλαιοί·
1106 3797 1235 3876 ἐκτίσθη

76 3886 108 3947 δι’
128 3885 189 3948 ύπδ
210 3884 403 3965 Ἡρακλέους
428 3890 476 3950 ἐπὶ
502 3895 545 3973 τῷ
566 3887 695 3974 θανύτηι
716 3895 778 3952 τῶν
800 3884 999 3968 Κενταύρων·
1024 3888 1171 3967 μετέβαλε
1192 3887 1235 3960 δέ,

77 3979 165 4060 φασί,
187 3974 325 4058 τούνομα
345 3981 387 4052 είς
398 3980 567 4061 Λειμώνην
584 3983 635 4043 διὰ
656 3983 709 4044 τὸν
723 3985 754 4045 ἓν
768 3979 848 4064 αὐτῇ
861 3985 1003 4060 λειμῶνα.
1083 3979 1236 4059 11.Ἠμα·

76 4071 133 4132 θίιι
154 4068 256 4149 πόλις]
284 4077 315 4133 ld
343 4080 561 4135 vetustissimam
583 4079 811 4138 Thessalonicae
832 4099 936 4136 nornen
958 4079 1049 4137 luisse
1070 4078 1147 4136 salso
1168 4078 1237 4134 dien
1336 4059 1403 4091 'w

77 4167 217 4225 Zonaras.
233 4187 258 4224 r.
272 4169 371 4228 Talei.
384 4170 519 4228 Thessal.
531 4191 561 4249 p.
573 4172 622 4228 lV.
644 4172 680 4229 cs.
692 4174 819 4247 Symeon
836 4173 883 4230 ed.
894 4173 990 4231 Bonn.
1007 4195 1037 4252 p.
1049 4177 1177 4239 706,19:
1198 4157 1236 4246 ἦν
1330 4159 1376 4214 ν’ῗ·

76 4255 110 4316 δὲ
129 4257 180 4318 καί
201 4255 290 4329 πόλις
303 4255 444 4336 Ἀμαθία
462 4263 532 4339 (leg.
545 4260 704 4338 Ἡμαθία)
725 4261 869 4342 λεγομένη
883 4261 962 4341 πρδς
976 4267 1013 4344 τῇ
1027 4257 1176 4341 θαλάσση
1191 4263 1236 4341 τῷ

76 4345 158 4408 ἔθνει
168 4344 342 4428 ὁμώνυμος.
355 4354 509 4430 Οεεγιυαια
517 4359 559 4416 sic
567 4359 718 4416 vocitatam
727 4358 818 4416 fnisse
826 4359 895 4414 dicit
902 4368 999 4415 noster
1008 4360 1035 4414 in
1046 4348 1179 4430 Οίσύμη,
1188 4355 1236 4412 nbi

79 4443 153 4502 ride.
218 4443 269 4504 καλ
276 4439 376 4524 χώρα,
393 4441 496 4524 ἡνῦνλ
574 4455 621 4510 15.
634 4443 788 4524 Ἠμαθίς]
801 4451 838 4507 V.
849 4450 962 4508 Delect.
975 4449 1060 4506 Antlr.
1073 4467 1115 4524 gr.
1128 4469 1157 4526 p.
1168 4451 1235 4506 221.
