2888 5084
600 250 672 322 107

138 427 400 510 Ἀπόλλωνος
428 425 570 510 πόλις,
600 429 636 500 ἐν
655 427 823 518 Αἰγύπτῳ
851 430 938 518 πρὸς
963 435 1009 520 τῷ
1035 431 1130 522 μέρει
1156 437 1216 520 τῆς

59 547 202 638 Διβδης,
226 546 246 638 ἡ
270 546 385 641 μικρά,
407 539 447 637 ἧς
466 547 631 635 μέμνηται
653 528 791 616 Ἀπίων.
826 549 965 638 δευτέρα
987 545 1007 637 ἡ
1029 546 1157 638 μεγάλη
1179 548 1215 619 ἐν

58 667 235 758 Αἰγύπτῳ.
276 667 371 757 τρίτη
398 667 434 738 ἐν
452 664 634 758 Αἰθιοπίᾳ
661 672 703 757 τῇ
720 665 869 759 Ἐρυθρᾷ
893 669 1131 759 παρακειμένη.
1174 671 1214 738 οδ

57 788 194 857 ίθυικδν
209 783 560 876 Ἀπολλωνοπολίτης.

134 899 301 993 Ἀπρσς,
331 901 496 995 θηλυκόν,
527 901 629 986 πόλις
657 901 800 995 Θρᾴκης.
845 901 1053 991 Θεόπομπος
1080 905 1239 998 ιίκοστῇ5

59 1025 131 1114 ἕκτη
166 1028 250 1117 ατοῦ
280 1021 313 1094 δ’
340 1020 564 1114 Ἀντιπάτρου
593 1021 824 1112 διατρίβοντος
854 1025 935 1111 περὶ
963 1027 1024 1115 την
1046 1020 1212 1115 Ἀπρον”.

58 1143 98 1210 τδ
119 1143 244 1214 ἐθνικά
266 1140 430 1232 Ἀπραῖος
452 1137 709 1233 [καίἈπριος].

133 1256 330 1351 Ἀπτερα,
352 1259 456 1344 πόλις
472 1257 614 1350 Κρήτης,
639 1256 709 1330 άπδ
729 1266 789 1352 τῆς
809 1267 875 1330 τῶν
896 1267 1047 1333 Μουσῶν
1067 1264 1123 1332 καί
1136 1271 1215 1356 Σει-

59 1375 166 1468 ρήνων
192 1376 320 1470 ἔριδος,
349 1385 408 1468 τῆς
437 1380 471 1450 ἐν
499 1385 547 1468 τῷ
572 1378 719 1468 μουσείῳ
746 1380 890 1469 πλησίον
918 1385 977 1472 τῆς
1003 1379 1137 1464 πόλεως
1157 1385 1216 1453 καί
1346 1437 1357 1456 .

58 1501 115 1588 τῆς
136 1496 312 1587 θαλάττης
332 1497 429 1588 τόπῳ
450 1502 595 1568 τοιῶσδε
615 1499 807 1588 καλουμένῳ
825 1501 1014 1588 γενομένης,
1038 1502 1073 1569 ἐν
1088 1492 1117 1590 ᾦ
1128 1502 1212 1588 μετά
1227 1529 1254 1568 ιο

60 1618 117 1706 τὴν
145 1615 181 1686 ἐν
207 1621 353 1708 μουσικῇ
379 1616 470 1705 νίκην
490 1621 557 1684 τοῖν
578 1621 729 1686 Μουσῶν
751 1613 787 1684 οἱ
806 1623 960 1707 Σειρῆνες
982 1621 1214 1711 δυσφοροῦσαι

61 1737 100 1804 τά
122 1737 231 1826 πτερά
252 1741 319 1804 τῶν
341 1729 439 1821 α’ίμων
462 1732 638 1820 ἀπέβαλον
658 1736 715 1802 καί
736 1736 851 1806 λευκαί
878 1734 1054 1826 γενόμεναι
1081 1735 1129 1817 aig
1155 1739 1224 1826 την.

62 1852 243 1924 θάλασσαν
271 1853 429 1938 ἐνέβαλον
459 1850 595 1933 ἑαυτάς·
628 1850 713 1920 ὅθεν
740 1849 759 1943 ἡ
788 1852 891 1935 πόλις
910 1849 1077 1946 Ἀπτερα,
1113 1851 1151 1923 αί
1178 1857 1216 1925 δὲ

63 1973 204 2062 πλησίον
225 1977 324 2062 νῆσοι
344 1969 489 2044 Λευκαί.
533 1968 567 2040 σί
593 1971 632 2042 δδ
658 1967 729 2048 άπδ
751 1971 906 2044 Γλαύκου
931 1979 992 2043 τοῦ
1012 1972 1217 2064 Κυρηναίου.

63 2091 80 2162 ὁ
101 2091 245 2180 πολίτης
260 2087 470 2179 Ἀπτεραῖος.
503 2088 576 2160 ἔστι
596 2091 653 2160 καί
667 2091 801 2174 Λυκίας
823 2089 934 2176 πόλις,
956 2089 1138 2184 οὐδετέρως
1158 2093 1216 2178 καί
1228 2121 1253 2162 ιο

65 2210 154 2300 αὕτη.
198 2213 256 2280 καί
276 2211 316 2280 τδ
338 2211 476 2282 ίθνικδν
495 2206 685 2300 Ἀπτερεός.

141 2327 329 2420 Ἀραβία,
359 2326 510 2421 ηχοίρα,
538 2325 584 2410 ὥς
604 2327 797 2400 Αἰθιοπία.
843 2328 903 2402 δόο
925 2327 959 2400 δ’
985 2329 1083 2413 είσίν,
1112 2327 1225 2420 ἡμίν

64 2446 330 2543 δρωματοφόρος
353 2449 478 2535 μεταξδ
500 2453 669 2538 Περσικῆς
695 2450 752 2516 καί
773 2446 952 2540 Ἀραβικῆς
974 2448 1166 2540 θαλάσσης,
1194 2447 1215 2539 ἡ

66 2571 101 2638 δδ
126 2571 258 2654 μᾶλλον
287 2569 402 2658 δυτικὴ
426 2564 642 2637 συνάπτουσα
664 2567 751 2656 πρδς
770 2569 831 2651 μὲν
851 2570 912 2658 τὴν
933 2566 1029 2638 δόσιν
1049 2565 1217 2657 Αἰγύπτῳ

63 2689 150 2780 πρδς
172 2681 290 2776 άρκτον
311 2689 349 2757 δὲ
363 2684 479 2778 Συρίᾳ.
512 2686 590 2773 περί
610 2675 650 2774 ἧς
673 2681 691 2753 ὁ
712 2686 913 2776 περιηγητής
931 2683 1114 2765 Διονύσιός
1134 2711 1218 2777 φησι
1230 2715 1257 2752 ιο

166 2813 229 2898 ιῆς
250 2804 283 2875 δ’
309 2803 350 2874 δν
371 2805 460 2886 ἴδοις
482 2803 634 2892 προτέρω
655 2801 853 2892 νοτιώτερον
873 2797 971 2888 σίμσν
991 2799 1120 2874 ὁδεύων

163 2923 326 3015 Ἀραβίου
348 2922 479 2993 κόλπου
498 2920 643 3007 μόχατον
665 2918 759 3010 ῥόον,
783 2919 860 2991 ὅστε
879 2921 1005 3011 μεσηγύ

172 3043 312 3115 εἰλεῖται
333 3041 452 3133 Συρίης
473 3069 510 3110 τε
531 3038 762 3140 κοίἈραβίης
782 3041 962 3131 ἐρατεινῆς.

63 3169 103 3238 τδ
136 3164 275 3238 ἕθνικδν
297 3159 472 3254 Ἀράβιος,
506 3155 553 3242 ὥς
578 3156 599 3252 ἡ
628 3159 796 3251 παροιμία
827 3156 1009 3254 «Ἀράβιος
1039 3156 1220 3248 αὐλητής”,

64 3279 104 3376 ἣν
125 3283 264 3354 ἔταττον
286 3283 342 3352 ἐπὶ
362 3285 428 3349 τῶν
449 3277 631 3360 ἀπαύστως
646 3280 901 3368 διαλεγομένων,
924 3273 1022 3367 ἢδιά
1038 3277 1077 3346 τό
1093 3278 1221 3365 μηδένα
1233 3305 1259 3344 25

59 3401 228 3493 Ἑλλήνων
256 3396 551 3472 διασκευάσασθαι
578 3398 638 3486 τὴν
660 3394 838 3488 αὐλητικὴν
860 3393 907 3479 ὡς
928 3393 1032 3468 οὖσαν
1053 3392 1222 3482 βάναυσον

64 3525 122 3592 καί
144 3525 319 3601 παντελῶς
333 3515 565 3608 ἀνελεύθερον,
588 3513 675 3586 ἆλλδ
689 3515 875 3611 βαρβάροις
892 3513 1049 3607 αὐληταῖς
1061 3521 1233 3606 χρῆσθαιΙΙ

64 3861 95 3914 6.
115 3847 147 3912 δ’
171 3854 242 3912 εδδ.
263 3851 367 3911 ssRv.
465 3859 495 3913 7.
515 3850 566 3911 καί
584 3847 709 3933 Ἀπριος
729 3854 797 3912 αδδ.
818 3855 988 3913 Salmasius.
1087 3859 1115 3913 9.
1136 3850 1168 3911 ἓν
1187 3852 1225 3932 τῇ

65 3951 130 4007 RV.
212 3951 259 4004 10.
274 3939 378 4004 τόπων
389 3947 426 4004 R.
505 3943 702 4021 καλουμένων
714 3947 750 4015 R,
771 3943 960 4023 καλουμένης
973 3944 1016 4003 Π.
1095 3951 1141 4005 12.
1156 3940 1225 4003 ἀπό·

64 4039 184 4116 βάλλον
203 4038 270 4097 RV.
350 4043 396 4098 18.
417 4031 658 4117 δροματοφόρσς
675 4039 740 4096 RV.
817 4044 865 4098 20.
879 4032 1058 4112 Διονύσιος]
1079 4038 1144 4097 Per.
1157 4042 1224 4098 923.

67 4139 114 4192 21.
135 4129 206 4210 ἴδῃς
225 4133 263 4190 R.
379 4121 479 4210 ὅρμου
503 4133 567 4191 RV.
683 4133 731 4187 22.
751 4121 837 4206 ῥόον]
863 4130 1020 4207 Dionysius
1044 4125 1148 4208 πόρον.

66 4230 115 4284 2³.
128 4219 282 4302 Ἀραβίας
302 4221 416 4300 ίρατῆς
434 4226 509 4285 libri.
595 4229 642 4283 24.
663 4218 699 4281 τδ
720 4217 880 4297 κτητικδνλ
962 4227 1010 4283 25.
1031 4218 1079 4281 ἐπὶ
1099 4223 1139 4291 Μ,
1158 4220 1226 4299 περὶ

68 4319 142 4376 libri.
222 4321 272 4376 26.
293 4310 499 4376 διασκευάσειν
518 4319 582 4377 RV.
661 4320 707 4375 27.
728 4312 793 4388 καί]
814 4311 887 4384 τοὺς
905 4317 968 4374 RV.
