2902 5070
616 249 692 328 233
816 193 818 196 ⁵

160 425 368 500 Διονύσου
390 425 527 513 πόλις,
549 430 583 501 ἒν
604 437 653 522 τῷ
669 428 799 523 Πόντῳ,
821 429 842 523 ἡ
867 426 1030 524 πρότερον
1052 429 1234 522 Κρουνοί

73 548 146 621 ἆπδ
168 556 229 642 τῆς
248 554 316 618 τιῦν
337 544 470 618 ὑδάτων
496 556 693 643 καταρροῆς.

276 671 505 738 Διονυσιακοῦ
526 669 564 738 δὲ
585 667 839 760 προσπεσόντος
858 669 995 763 ὕστερον

276 788 312 857 ἐκ
333 792 393 878 τῆς
414 784 587 876 θαλάττης
606 794 677 872 τοῖς
696 787 819 870 τόποις
840 786 1031 880 όγάλματος

71 904 347 998 οὕτως’ίκλήδη.
391 904 457 976 εἶσί
483 905 540 974 καί
569 907 752 994 Κρουνοί
779 907 900 998 χωρίον
929 909 1015 998 πρὸς
1046 903 1141 978 δύσιν
1168 912 1253 999 vigs

71 1021 211 1114 ἐχούσης
231 1026 311 1107 τούς
331 1027 495 1112 βασιλέας
516 1022 660 1107 πόλεως.
692 1024 726 1114 ff
746 1027 907 1118 Φρυγίας,
929 1025 1051 1111 κτίσμα
1067 1023 1230 1096 Ἀττάλου

71 1145 131 1212 καὶ
156 1140 327 1229 Εὐμενοῦς
352 1141 472 1226 ξόανον
498 1141 662 1234 εὑρόντων
682 1143 852 1216 Διονύσου
880 1148 960 1237 περὶ
984 1145 1064 1228 τούς
1091 1142 1230 1226 τόπους.

72 1260 102 1352 y‘
123 1268 184 1353 τῆς
199 1259 349 1352 Ἰνδικῆς.
383 1260 414 1331 δ’
434 1262 582 1354 Λιβύης.
615 1259 642 1332 ε’
667 1261 809 1358 Θρᾴκης.
841 1266 881 1335 τό
903 1264 1041 1336 ίθνικδν
1062 1270 1231 1334 Διονυσο.

72 1379 225 1469 πολίτης.

161 1497 315 1590 Διόπη,
349 1498 451 1581 πόλις
477 1497 671 1592 Ἀρκαδίας,
700 1495 747 1583 ὡς
777 1499 975 1592 Φερεκύδης.
1016 1503 1057 1573 τδ
1090 1503 1268 1578 ἒδνικδνιο

73 1615 227 1700 Διοπεύς
247 1614 270 1708 ἢ
290 1617 459 1709 Διοπίτης
485 1613 532 1698 ὦς
552 1615 753 1707 Σινωπίτης.

160 1737 262 1820 Διός
296 1736 424 1829 ίερόν,
459 1737 634 1821 πολίχνιον
660 1735 787 1820 Ἰωνίας
817 1739 941 1826 μεταξύ
971 1741 1131 1827 Λεβάδου
1170 1743 1228 1810 καί

73 1861 292 1948 Κολοφῶνος.
333 1859 373 1928 τό
400 1857 538 1928 ἐθνικόν
568 1851 794 1945 Διοσιερίτης,
823 1851 869 1936 ὥς
894 1859 1031 1948 Φλέγων
1057 1857 1093 1930 ἓν
1113 1857 1231 1953 πρώτῃ

71 1973 318 2063 Ὀλυμπιάδων.

160 2093 455 2187 Διοσκουριάς,
484 2093 547 2180 μία
573 2100 641 2165 τιῦν
670 2092 705 2164 ἓν
731 2092 849 2186 Λιβύη
874 2102 1019 2166 Λευκόίν
1044 2094 1165 2188 νήσων.
1208 2095 1267 2174 διο

74 2212 234 2305 νησιώτης
256 2214 508 2306 Διοσκουρίτης.
552 2212 624 2285 ἔστι
652 2215 709 2284 καὶ
730 2212 827 2305 ἑτέρα
848 2217 927 2306 περὶ
946 2216 1006 2286 τδν
1026 2214 1176 2303 Πόντον,
1205 2216 1228 2309 ἥ

74 2359 124 2416 τις
138 2332 451 2422 Σεβαστόπολις
472 2337 634 2405 καλεῖται.
672 2331 915 2426 καὶπρότερον
937 2337 976 2406 δὲ
989 2331 1077 2405 Alo
1098 2333 1230 2428 ἐκικλή-

75 2477 180 2536 σκετο,
202 2449 249 2535 ιίις
269 2452 439 2544 Νικάνωρ.
477 2449 496 2521 δ
513 2451 654 2543 πολίτης
668 2450 920 2544 Διοσκουριεύς.
961 2451 1034 2526 ἔστι
1054 2456 1111 2524 καί
1132 2453 1167 2526 ἓν
1187 2461 1230 2548 τῇ

71 2569 218 2664 Ἐρυθρᾷ
238 2569 399 2663 θαλάσση
424 2575 525 2662 νῆσος
546 2569 855 2661 Διοσκουρίδου.

159 2683 423 2779 Διοσκούρων
447 2687 571 2779 κώμη,
599 2687 748 2781 Λιβύης,
771 2690 807 2760 όν
825 2679 850 2781 ᾗ
870 2690 929 2759 τόν
949 2688 1064 2782 Πάριν
1085 2687 1267 2766 δπιδιιύ-κι

74 2809 190 2890 ξαντες
216 2805 371 2896 ἥρπασαν
395 2811 455 2900 τήν
476 2805 610 2898 Ἑλίκην
637 2807 671 2878 oi
691 2806 898 2899 Διόσκουροι
921 2801 992 2898 [ἣν]
1022 2801 1164 2898 όίκησαν.
1207 2807 1227 2881 δ

73 2925 230 3016 κωμήτης
254 2927 595 3021 Διοσκουροκωμήτης
629 2923 675 3011 ὥς
701 2925 1010 3019 Μεγαλοκωμήτης,
1041 2929 1077 3000 ἐκ
1105 2925 1166 3000 δύο
1192 2927 1229 3001 ἓν

73 3072 286 3139 παραγωμον.

73 3263 274 3276 ψ...-

74 3405 101 3457 1.
122 3392 263 3476 Κουρνοί
278 3396 314 3454 R.
394 3398 422 3452 3.
442 3389 666 3470 Διονυσιακοῦ]
688 3396 762 3454 Sunt
782 3398 908 3473 Scymni,
928 3398 979 3474 qui
998 3396 1111 3466 dicitur,
1132 3386 1230 3454 versus

73 3491 256 3566 Perieg.753
277 3507 321 3564 eq.
398 3482 496 3545 σεται
517 3482 620 3546 δὲκαὶ
640 3491 675 3546 A.
752 3487 875 3565 Κρυνοί
891 3487 956 3548 RV.
1034 3491 1062 3547 6.
1083 3482 1157 3556 τοῦς
1175 3488 1230 3564 βα-

73 3579 177 3651 σιλέας
189 3580 297 3660 PpRV,
317 3574 512 3652 τὸνβασιλέα
525 3581 558 3636 A.
580 3581 850 3660 Constantinopolin
867 3583 924 3640 dici
937 3583 1046 3639 monuit
1056 3581 1092 3640 B.
1114 3581 1230 3640 dicendi

73 3693 164 3752 genus
183 3672 397 3751 interpolatoris
417 3671 579 3730 barbariem
599 3674 720 3733 redolet.
805 3680 834 3734 8.
853 3666 994 3751 Λιβύης]
1015 3676 1060 3732 De
1079 3675 1135 3732 hoo
1155 3693 1230 3750 quae

74 3774 172 3824 narrat
195 3765 364 3824 Eustathius
390 3763 429 3821 ad
453 3763 538 3821 Hom.
566 3785 596 3842 p.
617 3767 708 3837 1644,
728 3769 780 3826 59:
805 3764 874 3845 περὶ
896 3762 954 3845 τὴν
977 3759 1107 3844 Λιβύην
1133 3759 1229 3848 ἕτεροι
1278 3763 1286 3772 ’

72 3850 287 3936 τερατεύονται
300 3848 458 3916 Διονύσου
474 3846 563 3914 πόλιν
581 3847 667 3926 εἶναι,
688 3850 727 3936 ἢν
746 3854 803 3916 οῦκ
822 3853 974 3934 λνδίχεται
994 3857 1043 3928 δίς
1061 3854 1117 3918 τόν
1136 3851 1231 3917 αύτδν

73 3947 204 4028 ίξευρεΐν
223 3943 266 4018 ὡς
283 3944 523 4025 μεθισταμένην,
544 3949 668 4010 [σείσειε
685 3953 715 4010 in
728 3970 780 4009 suo
794 3952 937 4030 Stephani
950 3953 1108 4032 exemplari
1121 3951 1239 4030 reppe·'

74 4054 161 4102 reret.
270 4047 318 4102 11.
337 4037 497 4117 Διωπίτης
516 4041 552 4099 V.
670 4045 718 4102 14.
736 4037 955 4120 Ὀλυμπιάδων
975 4046 1011 4114 Η,
1039 4035 1231 4121 ὀλυμπιάδος

72 4135 182 4214 PpRV‚
208 4127 375 4210 ὀλυμπιάδι
399 4139 433 4192 A.
543 4139 589 4194 15.
610 4135 719 4194 λευκοῦ
744 4138 780 4196 R.
888 4142 935 4197 16.
955 4132 1024 4213 περὶ
1044 4129 1169 4195 Πόντον
1194 4135 1231 4203 R,

73 4223 159 4303 παρὰ
172 4224 228 4286 τόν
240 4219 366 4286 Πόντον
384 4223 462 4286 flv.
541 4231 588 4287 17.
601 4221 810 4304 Σεβανόπολις
825 4232 862 4289 V.
942 4234 988 4290 19.
1000 4223 1230 4305 Διοσκουρίδου

73 4317 178 4390 HRV,
197 4314 408 4398 Διοσκορίδου
429 4322 462 4378 A.
542 4326 588 4379 21.
603 4315 632 4378 oi
651 4312 840 4399 Διόσκουροι
860 4324 916 4404 Pp,
937 4318 966 4381 οί
983 4319 1173 4394 Διοσκοῦροι
1194 4321 1232 4390 V,

72 4407 102 4470 ol
122 4409 300 4489 Διοσκιῦροι
321 4413 356 4484 li,
377 4433 433 4472 om.
454 4415 487 4472 A.
603 4405 642 4490 ἣν
661 4435 717 4474 om.
737 4415 847 4494 PpRV‚
867 4412 918 4474 καί
938 4405 1097 4495 ἔνῴκησαν
1115 4413 1153 4471 H.
1197 4429 1210 4452 ⁸
