2888 5084
608 254 687 326 ’113

72 429 196 522 ἑβδόμη
234 434 320 501 κατὰ
358 430 587 502 Μακεδονίαν.
646 431 748 524 ὀγδόη
781 429 901 526 ’Ἀργος
936 434 1106 529 Ὀρόοτιον
1141 438 1160 530 ἡ
1193 439 1229 512 ἐν

69 553 212 644 Σκυθίᾳ.
258 549 357 640 ἐνάτη
379 552 520 643 Καρίας.
563 550 684 642 δεκάτη
711 554 750 623 τὸ
774 551 979 645 Ἀργολικόν.
1022 555 1227 650 ἓνδεκάτιγῆ

72 670 235 743 Φαιάκων
257 669 429 761 Ὑπέρεια.
466 666 587 761 ’Ἀργος
615 674 653 742 δὲ
682 674 800 757 σχεδόν
821 681 891 744 πᾶν
912 672 1032 745 πεδίον
1052 679 1137 746 κατὰ
1158 676 1228 748 θά-

69 796 210 864 λασσαν.
253 792 294 860 τό
326 787 464 860 ἐθνικὸν
495 797 615 860 πασῶν
642 787 808 883 Ἀργεῖος,
844 790 884 862 οὐ
914 796 1008 884 παρὰ
1041 797 1080 865 τό
1106 792 1228 889 Ἀργος

68 910 247 1001 οὐδέτερον
277 903 336 1001 (ἦν
363 909 426 1000 γάρ
455 911 514 979 διά
542 915 603 980 τοῦ
631 911 679 1000 ἱ),
705 908 793 981 oillei
822 913 916 1000 παρὰ
942 913 1002 982 τόν
1019 910 1140 1005 ’Ἀργον
1166 918 1251 988 τόνε

67 1031 215 1122 κτίστην·
239 1031 373 1118 λέγεται
394 1030 458 1119 γὰρ
479 1031 536 1098 καί
551 1026 725 1120 Ἀργόλας.
763 1028 1007 1124 Ἀριστοφάνης
1021 1032 1174 1125 Ἥρωσιν

217 1147 279 1221 οὒκ
299 1146 478 1240 ἠγόρευονς
500 1139 598 1231 οὗτός
620 1147 684 1220 ἐστ’
708 1146 767 1220 οὐκ
790 1149 963 1242 Ἀργόλας.

216 1271 265 1355 μά
288 1267 348 1338 Δί’
373 1264 454 1337 οὐδέ
475 1264 502 1356 χ’
518 1267 648 1358 Ἕλλην,
673 1267 753 1341 ὅσον
773 1267 887 1362 ἔμοιγε
910 1269 1078 1364 φαίνεται.
1116 1277 1117 1280 ’

66 1392 124 1458 καί
145 1386 334 1479 Εὐριπίδης
356 1389 391 1458 ἕν
405 1387 614 1457 Πλεισθένει
638 1387 727 1484 «ἐγὼ
749 1393 788 1461 δὲ
805 1389 1002 1484 Σορδιονός,
1024 1385 1129 1461 οὐκέτ’
1148 1387 1225 1478 Ἀρ-

66 1505 208 1598 γόλας”.
242 1507 300 1576 καί
315 1503 466 1596 Ἀργολίς
487 1503 507 1595 ἡ
529 1503 621 1596 χώρα
642 1510 699 1577 κοί
719 1507 740 1600 ἡ
760 1508 851 1600 γονή.
882 1512 940 1580 καί
955 1506 1149 1599 Ἀργολικός
1168 1507 1226 1580 καί
1238 1545 1264 1586 ω

62 1623 254 1719 Ἀργολική.
296 1627 354 1694 καί
369 1622 562 1714 Ἀργείωνες
583 1628 738 1715 λέγονται
760 1624 807 1711 ὡς
826 1627 1054 1714 Καδμείωνες,
1076 1629 1134 1696 καὶ
1149 1625 1226 1718 Ἀρ-

67 1744 200 1836 γειώνη,
223 1741 271 1828 ὡς
294 1742 499 1830 Ἀντίμαχος,
520 1747 578 1815 καὶ
598 1742 798 1836 Ἀργειώτης
818 1747 912 1836 παρά
933 1745 973 1816 τό
991 1742 1148 1835 Ἀργεῖος,
1169 1747 1227 1814 καί

62 1864 256 1955 Ἀργειῶτις
275 1863 315 1932 τό
339 1861 499 1952 θηλυκόν,
528 1868 585 1936 καί
612 1862 777 1956 άργολίζω
805 1869 910 1954 ῥῆμα,
940 1855 980 1933 οὗ
1005 1863 1065 1954 τήν
1086 1865 1227 1955 μετοχὴν

57 1979 207 2077 Ἔφορος
243 1979 530 2075 ἐννεακαιδεκάτῃ.
580 1987 733 2075 λέγονται
769 1985 827 2054 καί
862 1987 1140 2072 πατρωνυμικῶς,
1180 1979 1226 2065 ὡς

67 2104 194 2173 πολλοὶ
208 2099 480 2193 καὶἩρόδιορος,
503 2105 538 2174 ἐν
558 2106 619 2190 μὲν
638 2109 686 2194 τῷ
709 2109 765 2174 νῦν
779 2100 886 2195 χρόνῳ
904 2099 1134 2193 Ἡρακλεῖδαι,
1156 2103 1224 2193 πρὸ
1238 2128 1263 2168 τε

67 2221 101 2293 δ’
126 2220 338 2313 Ἡρακλέους
366 2227 567 2314 Περσεῖδαι,
599 2223 666 2312 πρὸ
695 2223 855 2312 Περσέως
885 2221 923 2291 δὲ
951 2226 1141 2309 Λνγκεῖδαι
1168 2223 1226 2290 καί

68 2344 259 2424 Δαναΐδαι,
290 2343 358 2432 πρό
387 2343 426 2412 δὲ
454 2347 595 2414 Δαναοῦ
618 2340 814 2433 Ἀργειάδαι
841 2342 896 2412 καί
928 2344 1152 2431 Φορωνεῖδαι,
1184 2334 1226 2422 bb

59 2462 193 2554 ’Ἀβρων
214 2467 373 2550 ποιητοῖς
395 2457 606 2552 ἀνατίθησιν.

142 2577 361 2674 Ἀργονρα,
383 2577 486 2663 πόλις
509 2580 707 2664 Θεσσαλίας,
728 2577 750 2671 ἡ
772 2576 935 2670 πρότερον
948 2571 1121 2668 ’Ἀργισσα
1154 2572 1227 2644 ἔστι

67 2849 95 2901 1.
112 2835 274 2917 Ὀρίστιον
292 2839 329 2908 R,
352 2831 526 2911 Ὀρεστικόν
544 2841 606 2897 AV.
705 2828 724 2912 ἢ
745 2837 820 2894 libri.
927 2838 956 2890 2.
976 2826 1035 2909 τὴν
1049 2823 1227 2909 Ἀργολικήν

67 2937 130 2994 RV.
229 2934 259 2990 4.
279 2927 316 2990 τό
336 2941 403 2990 ante
417 2925 526 3009 Ἀργος
545 2951 601 2990 orn.
621 2933 657 2990 R.
756 2931 783 2988 5.
802 2922 864 3004 χδρ
884 2945 940 2984 om.
960 2925 1024 2984 RV.
1088 2921 1140 2983 17.
1161 2917 1230 2982 ἔστί

65 3023 92 3106 γ’
115 3020 173 3085 οὖν
199 3035 230 3083 et
266 3029 296 3084 8.
318 3019 387 3082 οὐδ’
403 3015 516 3100 Ἕλλην
539 3026 613 3083 libri.
644 3025 768 3082 correxit
787 3020 919 3096 Scaliger
937 3023 1013 3096 App.
1034 3017 1072 3074 ad
1094 3017 1226 3075 Conieel.

67 3123 96 3178 in
117 3121 203 3176 Varr.
223 3139 254 3196 p.
276 3119 343 3178 184.
441 3123 470 3177 9.
490 3111 667 3193 Πλησθίνει
687 3116 762 3173 libri.
783 3114 822 3171 cs.
841 3111 970 3169 Lobeell.
990 3107 1087 3165 Paral.
1108 3125 1138 3184 p.
1159 3111 1188 3165 5.

66 3205 166 3272 olxlr’
188 3211 358 3280 Βοταοείοε,
378 3203 494 3287 οὐγὰρ
515 3199 611 3266 οὐκίτ>
626 3207 687 3276 AV,
705 3201 766 3284 γὰρ
787 3197 883 3262 οὐκέτ’
904 3204 941 3262 R.
1020 3204 1068 3257 11.
1085 3191 1233 3273 Ἀργείων

65 3325 122 3386 pro
135 3299 314 3381 Ἀργείωνες
328 3305 364 3360 V.
436 3306 542 3361 11.12.
559 3293 727 3378 Ἀργειιόθη
742 3318 796 3379 pro
810 3287 1031 3375 ἈργειοίνηΠ.
1103 3293 1150 3347 12.
1162 3281 1228 3366 Ἀρ-

66 3392 197 3476 γειοίτης
216 3396 392 3464 Salmasius,
416 3387 589 3471 Ἀργειῶτις
608 3393 683 3452 libri.
801 3397 847 3451 13.
865 3385 1039 3466 Ἀργειῶτις
1057 3383 1228 3450 Salmasius,
1281 3389 1283 3396 ’

62 3485 229 3568 Ἀργεῶτις
248 3488 323 3545 libri.
422 3487 469 3545 14.
489 3477 635 3564 Εὔφορος
654 3487 689 3544 R.
789 3489 835 3544 15.
855 3476 962 3540 πολλοί
981 3477 1046 3546 RV,
1071 3471 1101 3534 oi
1121 3468 1228 3532 πολλοὶ

66 3591 101 3642 A.
217 3573 400 3658 Ἡρόδωρος
419 3581 455 3649 R,
477 3570 658 3656 Ἡρόδοτος
677 3579 713 3635 V.
830 3575 884 3632 νῦν
903 3563 1007 3650 χρόνῳ
1022 3562 1226 3648 Ἡρακλεῖδαι

67 3677 131 3746 RV,
152 3675 209 3732 νῦν
224 3664 329 3753 χρόνῳ
344 3666 572 3750 Ἡρακλεῖσθαι
586 3667 628 3738 Π,
650 3669 704 3728 νῦν
718 3664 883 3748 Ἡρακλεῖς
895 3683 927 3723 τε
942 3665 975 3720 A.
992 3654 1096 3740 χρόνῳ
1117 3658 1228 3717 addunt

68 3771 155 3830 eriam
176 3768 233 3846 Pp.
332 3769 379 3824 16.
400 3759 569 3842 Περσεῖδαι
589 3763 652 3830 RV,
672 3757 827 3835 Περσίδαι
846 3761 881 3815 A.
976 3749 1137 3830 Λογγίδαι
1156 3752 1193 3809 R.

68 3869 115 3923 17.
129 3851 319 3937 Ἀργεάδαιλ
428 3853 621 3935 Φορωνεΐθοι
640 3856 681 3922 lll,
709 3847 886 3928 Φορωνῖδοι
904 3850 941 3916 V,
969 3840 1147 3922 Φορωνίδαι
1166 3843 1228 3899 AR.

69 3967 135 4036 port
159 3947 354 4028 Φορωνεΐδαι
381 3949 449 4008 fort.
469 3949 577 4009 excidit
596 3941 656 4024 πρό
678 3941 711 4004 δὲ
735 3937 906 4020 Φορωνέως
922 3931 1078 4012 ’ίναχίδαο
1181 3924 1228 4000 ἃς,

14 4037 20 4052 ’
68 4069 109 4106 τε.
130 4039 338 4119 παρωνυμίας
358 4044 402 4100 rel
421 4038 523 4112 λίξεις,
543 4060 601 4100 non
620 4037 789 4116 lentandum
809 4043 881 4093 erat.
998 4034 1045 4090 19.
1065 4019 1229 4103 Ἀργισσα]

69 4139 239 4200 Εοτειιελιίοε
260 4137 299 4194 ad
319 4137 403 4194 llum.
425 4156 455 4215 p.
476 4139 548 4204 333,
567 4139 607 4192 20
630 4151 668 4192 ex
691 4138 804 4188 nostro:
822 4119 973 4202 Ἀργισοοι
998 4116 1032 4178 δὲ
1057 4109 1229 4192 ὠνομάσθη
1343 4183 1368 4218 ἱ,

68 4226 87 4310 ἢ
108 4227 171 4292 ἀπὸ
191 4225 340 4308 Ἀργείων
363 4217 383 4304 ἢ
405 4225 458 4286 διὰ
478 4222 512 4286 τὸ
532 4223 730 4303 προσκοροῦν
747 4224 813 4288 τοῖς
832 4213 947 4283 πεδίοις
965 4212 1021 4290 τῆς
1042 4201 1229 4274 Θεσσαλίας,
1251 4293 1253 4296 .

69 4321 106 4403 ἣν
126 4316 327 4400 Πελασγικὸν
344 4312 455 4398 Ἀργος
468 4311 606 4396 Ὅμηρος
625 4308 714 4375 εἶπεν.
744 4311 909 4372 ίκαλοῦντσ
930 4301 973 4375 δέ,
994 4298 1101 4384 φασίν,
1122 4293 1151 4356 οἱ
1171 4293 1238 4356 ἐκεῖ
1308 4363 1313 4376 ,

68 4416 119 4478 καί
139 4415 309 4476 Λεοντῖνοι
335 4405 397 4474 ἀπὸ
415 4407 588 4478 Λεοντέως.

103 4528 193 4583 steph.
206 4524 306 4580 θχτεολ.
1010 4491 1029 4544 8
