2866 5092
574 299 579 308 ἱ
644 209 667 278 5

79 377 187 470 ἔκηα]
212 382 346 472 εῦρηιαι
369 385 485 453 δὲκαὶ
507 384 566 452 διδ
588 390 648 452 τοῦ
669 393 696 453 ΐτ
714 384 882 475 Ἀπαρνίς,
907 383 953 468 ιύς
970 389 1064 477 παρὰ
1081 385 1234 476 Ἀρτεμι-

79 497 172 587 διύρηι
202 505 250 588 τῷ
283 499 478 592 γεωγριίῳῳ.
522 504 562 572 τδ
596 500 733 572 ίθνινιὸν
762 502 961 596 Ἀβαρναῖος
996 509 1052 575 καί
1086 508 1234 595 θηλυκὸν

11 623 13 628 ’
75 616 263 708 Ἀβαρναίη.

160 736 405 828 [Ἀβασηνοί,
433 737 551 828 imos]
576 736 747 829 Ἀραβίας.
791 740 955 832 Οῦροίνιος
983 739 1019 810 ἓν
1043 739 1229 830 Ἀραβικῶν

76 858 171 947 τρίτῳ
195 858 302 952 «μετὰ
325 857 402 937 τούς
420 856 591 943 Σαβαίους
605 865 835 948 Χατραμιῦται
854 858 1062 950 Ἀβασηνοί”
1086 862 1142 930 καί
1162 859 1256 930 nti-⁵

78 977 126 1044 λιν
159 973 204 1069 «ἡ
235 973 323 1065 χώρη
353 981 420 1042 τῶν
443 973 636 1064 Ἀβασηνῶν
657 974 800 1067 σμύρνην
830 981 925 1069 φέρει
958 980 1015 1047 καὶ
1044 973 1145 1049 ῦσσον
1174 982 1231 1049 καί

77 1095 232 1179 θυμίαμα
253 1095 310 1163 καὶ
331 1094 522 1181 κύρπαβον·
550 1097 749 1184 γεωργέουσι
778 1097 893 1167 δὲκαὶ
915 1099 1110 1190 πορφυρέην
1131 1096 1232 1186 ποίην

77 1212 183 1302 ίιιίλην
205 1213 325 1298 αἵματι
346 1212 468 1302 Τυρίου
490 1210 667 1296 κοχλίεω”.
707 1211 725 1282 ὁ
747 1212 853 1297 τύπος
874 1213 952 1299 δξῦς
973 1218 1029 1286 καί
1051 1214 1231 1307 ἐπιχώριος

75 1337 141 1412 τοῖς
158 1328 327 1424 Ἀραψιν,
355 1328 400 1412 ὡς
422 1331 627 1420 Μηδαβηνοί
649 1329 826 1423 Ὀβοδηνοί
847 1332 1033 1425 Ἀδριηνοί,
1062 1331 1150 1404 ἄλλοί
1172 1336 1230 1404 ναὶ

75 1458 140 1532 τοῖς
156 1448 327 1530 Ἀσιανοῖς
349 1449 488 1532 δίπασιν,
509 1446 555 1532 ὡς
572 1447 802 1536 Ἀπολλιύνιος
825 1450 843 1522 δ
865 1455 1011 1538 τεχνικὸς
1034 1451 1069 1523 ἒν
1086 1459 1133 1543 τῷ
1148 1456 1226 1545 περὶ
1240 1482 1266 1520 ιο

76 1568 280 1660 παρωνύμιον
308 1569 394 1660 φησί
421 1565 491 1662 «δι’
515 1567 620 1650 ἔθους
646 1569 712 1640 είσὶ
738 1578 843 1640 ταῦτα
868 1579 938 1654 τοῖς
960 1571 1018 1642 ἐπὶ
1038 1577 1097 1661 τῆς
1112 1569 1229 1653 Ἀσίας

75 1695 296 1770 κατοικοῦσιν,
325 1685 486 1779 ἀλλότρια
508 1691 547 1758 δὲ
568 1695 634 1758 τιῦν
655 1688 876 1776 Εὐρωπαίων.
922 1687 961 1758 οῦ
984 1691 1045 1777 γὰρ
1068 1687 1139 1758 ἆπδ
1163 1688 1228 1758 πό-

76 1805 195 1897 λεωςῆ
219 1806 329 1896 δήμου
350 1810 435 1876 κατὰ
455 1814 574 1878 τοῦτον
598 1803 793 1892 ὠνόμασται
810 1808 869 1875 τὸν
890 1803 1034 1876 τύπον”.

145 1921 336 2016 Ἀβδηρα,
359 1924 478 2008 πόλεις
500 1925 573 1996 δύο.
612 1923 632 2018 ἦ
655 1929 718 2012 μὲν
736 1924 875 2018 Θρᾴκης,
899 1922 970 1995 δπδ
983 1922 1151 2014 Ἀβδήρου
1165 1931 1226 1994 τοῦ

74 2045 142 2114 υίοῦ
164 2043 290 2136 Ἑρμοῦ
314 2043 520 2137 Ἡρακλέους
551 2047 732 2136 ἐρωμένου,
762 2040 800 2115 ίίν
829 2043 865 2114 αἱ
894 2040 1091 2134 Διομήδους
1117 2043 1262 2113 ίπποιιι

74 2163 312 2247 διεσπάσαντο,
342 2161 388 2245 ὡς
405 2161 601 2246 Ἑλλάνικος
626 2165 683 2232 καὶ
705 2159 805 2233 ῦλλοι
827 2161 943 2254 φασίν.
987 2162 1023 2232 ἐκ
1043 2159 1163 2252 ταύτης
1185 2165 1223 2233 δὲ

73 2285 123 2353 καὶ
145 2281 357 2372 Δημόκριτός
378 2285 468 2353 ἔστιν
491 2278 510 2352 ὁ
534 2279 736 2374 φιλόσοφος.
776 2279 796 2374 ἡ
820 2285 858 2353 δὲ
880 2282 1019 2372 δευτέρα
1041 2280 1143 2363 πόλις
1163 2287 1223 2371 τῆς

69 2401 206 2492 Ἰβηρίας
234 2401 322 2492 πρὸς
347 2405 418 2478 τοῖς
445 2400 638 2491 Γαδείροις,
672 2397 718 2482 ὦς
741 2398 984 2493 Ἀρτεμίδωρος
1013 2399 1048 2471 ἐν
1078 2401 1221 2490 δευτέρην

72 2521 380 2614 γεωγραφουμένων.
414 2515 433 2589 ὁ
456 2516 596 2608 πολίτης
612 2515 817 2610 Ἀβδηρίτης.
849 2522 906 2590 καί
924 2523 986 2609 γὰρ
1000 2525 1061 2588 τοῦ
1076 2518 1222 2598 Διόλνος

72 2797 95 2848 l.
115 2787 150 2848 δι’
166 2801 234 2870 post
254 2777 379 2868 ιῦρηται
400 2789 468 2848 add.
489 2792 525 2848 R.
598 2783 745 2868 Ἀπαρνίς
758 2791 805 2860 W,
821 2785 968 2869 Ἀβαρπίς
981 2791 1055 2848 libri.
1133 2795 1161 2847 2.
1176 2789 1220 2867 τῷ

66 2878 259 2963 χορογράφῳ
281 2883 347 2940 eod.
367 2883 456 2940 Saim.
561 2876 597 2940 τὸ
621 2877 783 2960 κτητικδνλ
880 2887 910 2944 1.
929 2879 1106 2960 Ἀβασηνοί,
1120 2877 1221 2950 Ιἔθνος

70 2976 132 3034 εδδ.
154 2977 191 3034 X.
288 2968 440 3053 Ἀραβίας
464 2969 612 3052 (Ἀραβίη
633 2976 673 3053 V)
703 2970 855 3055 Οῦριίνιος
879 2997 935 3036 om.
955 2979 991 3036 R.
1109 2980 1138 3036 5.
1159 2971 1252 3031 Sa·-

67 3065 172 3142 βρύοις
191 3067 234 3135 X,
267 3059 413 3142 Ἀβαίους
440 3067 515 3126 libri.
624 3066 841 3149 Χατραμιῦιαι
862 3071 903 3139 V,
927 3069 1158 3148 Χατρομιῦντιιι
1182 3069 1218 3134 R,

68 3157 300 3236 Χατραμιῦνται
319 3156 362 3217 Π.
383 3160 421 3218 cs.
436 3161 464 3217 in
477 3153 661 3238 Ἀτραμῖιαι
681 3171 710 3221 et
724 3159 952 3240 Χατραμιῦται.
1035 3157 1114 3233 [καί]
1128 3155 1217 3232 Ἀβα-

67 3249 153 3328 οηνοί
169 3254 207 3311 Χ.
296 3255 325 3309 6.
346 3249 499 3328 Βασηνιῦν
518 3266 584 3313 ante
604 3255 642 3313 X.
720 3246 833 3314 νόστον
853 3256 889 3313 Η.
977 3257 1005 3310 7.
1026 3249 1218 3330 κεκίρνιαθον

67 3365 115 3424 ητα
135 3342 187 3404 καί
208 3339 368 3422 κίρπυθον
386 3343 430 3415 Π,
451 3343 502 3404 καλ
522 3338 689 3426 κύρπαδον
709 3347 754 3406 vel
772 3343 824 3406 καί
844 3339 1007 3425 κύρπιισον
1026 3347 1063 3403 Η.
1084 3344 1151 3401 sort.
1166 3339 1217 3400 καί

66 3435 196 3516 ιίρχνον.
279 3437 447 3514 γεωργοῦσι
466 3448 496 3497 et
514 3439 681 3520 πορφυρῆν
700 3431 879 3519 (πορφυρήν
899 3438 939 3515 R)
960 3439 1035 3500 libii.
1113 3442 1142 3497 8.
1162 3431 1216 3494 ἶνί-

65 3534 117 3608 λην
135 3535 171 3600 R,
191 3528 308 3608 είκίλην
326 3532 388 3590 AV.
485 3528 611 3607 κοχλίεω
630 3532 716 3611 PpR,
741 3528 867 3608 κοχλιίω
887 3533 924 3600 V,
947 3527 1064 3608 κοχλίιο
1084 3533 1118 3589 Α.

65 3633 90 3682 11.
115 3619 273 3702 Ἀδριηνοί
294 3625 361 3693 AV,
383 3619 542 3702 Ἀδρηινοί
562 3625 604 3694 R,
626 3619 765 3703 Ἀριηνοί
786 3627 828 3694 ii,
854 3619 1022 3701 Άδαρηνοί
1038 3625 1074 3682 B.
1100 3625 1215 3699 requiro

64 3719 201 3776 Arabicae
221 3720 316 3794 gentis
337 3737 448 3786 nomen,
468 3718 546 3776 velut
560 3711 724 3794 Ἀδανηνοί
741 3719 785 3776 vel
803 3713 995 3795 Λαχαρηνοί.
1098 3722 1144 3776 12.
1165 3710 1215 3782 α’λ·

63 3803 182 3887 λύτρων
202 3810 265 3868 RV.
346 3803 520 3888 Εύρωπίων
538 3812 575 3869 R.
653 3805 694 3866 τδ
714 3802 796 3868 timii
875 3811 920 3869 14.
935 3803 1091 3887 Ἀβδήρου
1105 3809 1215 3888 PpRV,

57 3895 241 3980 Ἀβδηρίτου
262 3905 296 3959 Α.
413 3907 460 3962 15.
476 3897 593 3982 Ἑρμοῦ
612 3903 653 3974 Μ,
674 3895 808 3976 Ἡρίμου
827 3904 901 3962 libri.
928 3904 966 3961 cs.
987 3902 1122 3981 Apollod.
1137 3906 1165 3970 2,
1185 3904 1213 3959 5.

62 3979 150 4064 οῦτοι,-
170 3992 203 4054 δί
219 3985 399 4070 (Ἀβδηρος)
420 3983 458 4072 ἦν
472 3991 589 4074 Ἑρμοῦ
607 3999 689 4062 παῖς,
709 3990 839 4072 Λοκρὸς
858 3992 890 4065 ἐξ
907 3990 1084 4062 Ὀποῦντος,
1100 3989 1214 4069 Ἡρακ·

62 4083 146 4156 λίους
165 4080 326 4165 λριύμενος,
347 4081 383 4146 ὃν
403 4085 434 4146 αί
451 4085 539 4146 ’ίντνιοι
561 4083 744 4165 διέφθειραν
763 4080 1018 4163 λπισπιισιίμινιιι.
1112 4091 1158 4144 16.
1180 4081 1216 4142 δι’

62 4197 78 4236 n
98 4201 126 4260 p.
148 4201 185 4238 m.
208 4177 252 4248 Π,
275 4172 334 4258 γάρ
354 4181 443 4240 ARV.
552 4185 598 4240 18.
620 4175 697 4256 πρὸς
717 4184 781 4248 τοῖς
799 4181 864 4256 RV,
883 4177 960 4258 πρὸς
977 4179 1036 4260 γὰρ
1057 4185 1121 4246 τοῖς
1141 4181 1174 4236 Α.

65 4271 278 4346 111.Διόλιος]
304 4273 379 4329 Dicit
404 4273 482 4332 ΙιοιιιΙ
503 4275 588 4332 dubie
609 4273 671 4331 Niii
697 4263 798 4345 στόμα
817 4263 1036 4349 ψιυδδστομον
1056 4295 1072 4331 ο
1092 4271 1214 4329 Ptolem.

61 4371 106 4436 ⁴4,
124 4373 154 4437 5,
177 4373 223 4426 10.
246 4377 402 4442 nostroque
423 4386 520 4424 rursus
542 4387 565 4423 s.
587 4385 613 4423 ν.
631 4357 737 4437 Ὠριός
757 4377 952 4425 memoratum.
