2866 5092
607 325 652 413 51

134 515 350 606 Αἴνηθος,
375 509 463 610 όρος.
505 515 689 604 Αλσχύλος.
731 519 931 591 τόίθνικόν
952 520 1139 614 Αίνήθιος.

133 633 282 720 Αἶνία,
312 635 372 705 διὰ
399 641 461 706 τοῦ
486 641 516 719 i,
548 633 649 720 πόλις
670 646 885 731 Περραιβῶν,
914 643 971 712 καί
991 641 1155 726 Αἰνιᾶνες
1177 642 1220 732 οἳ,
1262 659 1266 666 ’

49 752 219 837 οἰκοῦντες
234 756 292 826 καί
305 753 433 838 Αἴνιος
450 756 604 841 ποταμός
623 749 735 847 αύτῆς.
769 759 923 848 λέγονται
939 764 977 833 δὲ
993 765 1051 833 καὶ
1064 761 1211 846 Αίνιεῒς.
1239 775 1241 780 ’

50 875 232 946 ἐκαλοῦντο
253 877 292 948 δὲ
315 877 372 946 καί
393 879 541 967 Μηλιεῖς
568 875 601 945 οἱ
624 873 731 954 αύιοί.
774 875 933 970 Στράβων
961 883 1000 952 δὲ
1026 882 1061 952 ἐν
1088 887 1130 975 τῇ
1158 880 1210 954 ἑν.

52 992 175 1088 δεκάτη
198 997 301 1088 φησίν
321 993 357 1064 ἔν
377 1001 425 1087 τῷ
446 994 568 1086 Πόντῳ
588 993 759 1079 Αἰνιᾶνας
781 991 904 1081 όίλλους
931 992 1033 1082 εἶναι,
1064 993 1122 1082 σῦς
1149 1021 1235 1071 not-⁵

54 1095 193 1185 λιῐσθαι
215 1121 273 1184 νῦν
293 1113 478 1204 Παρσίους.
517 1116 556 1185 τό
579 1117 717 1187 ἒθνικόν
738 1115 876 1187 Αίνιύν.
920 1120 977 1186 καὶ
1004 1116 1035 1188 εί
1054 1121 1117 1205 μὲν
1138 1117 1208 1192 ἀπό

54 1238 112 1301 τοῦ
132 1233 249 1324 κυρίου
270 1231 437 1315 Αἰνιᾶνος
458 1236 601 1324 μέμονεν,
625 1230 761 1326 εῦλομος
783 1233 803 1327 ἦ
829 1233 1007 1327 ὃμοφωνία
1030 1234 1142 1322 αύτοῖ,
1165 1237 1211 1323 ιῦς

55 1352 91 1420 τό
123 1350 220 1439 Τριύς
250 1355 308 1423 καί
333 1350 487 1438 Ἀχαιός,
522 1355 568 1444 μη
602 1351 859 1446 όμοφωνοῦντος
887 1360 947 1424 τοῦ
979 1355 1123 1450 Τευκρός
1153 1363 1216 1430 καὶ

59 1467 214 1560 Γραιιιός·
245 1469 276 1540 εί
303 1473 342 1542 δὲ
370 1471 464 1563 παρὰ
484 1473 545 1564 τήν
566 1471 683 1558 πόλιν,
711 1472 933 1565 εὑρεθήσεται
955 1473 1118 1570 πρότερον
1139 1478 1211 1550 Ai'-

59 1615 138 1671 νιος,
170 1586 219 1674 aig
244 1594 305 1681 τῆς
325 1591 459 1675 Λυκίας
479 1589 626 1675 Λύκιος,
657 1586 730 1662 εἶτα
759 1594 819 1662 διὰ
845 1594 906 1685 τὴν
932 1591 1124 1681 ὁμωνυμίαν
1150 1603 1250 1668 τοῦιυ

59 1715 210 1796 ποταμοῦ
232 1711 319 1800 πρός
342 1709 509 1804 διάκρισιν
529 1709 659 1781 Αίνιόν
680 1713 851 1802 γενέσθαι,
875 1709 920 1794 ὡς
941 1715 1098 1804 μέγιστος
1118 1742 1213 1806 μεγι-

61 1827 144 1898 onir.
187 1833 228 1899 τό
257 1833 408 1921 θηλυκόν
428 1830 604 1914 Αίνιανίς,
634 1826 680 1913 ὥς
707 1830 873 1914 Βιστονίς.
915 1833 1037 1903 καὶτὸ
1062 1837 1214 1926 κτητικόν

61 1946 222 2030 Αίνιακός
243 1947 383 2033 κόλπος.

2 2121 6 2250 η
137 2063 296 2153 Λίνος,
333 2066 436 2153 πόλις
470 2069 618 2164 Θρᾴκης,
657 2067 676 2140 ό
713 2068 784 2143 ἀπὸ
819 2068 940 2164 ταύτης
973 2072 1115 2158 Αἴνιος,
1155 2076 1212 2146 καὶ
1312 2095 1315 2102 ’

6 2359 9 2443 Ἰ
65 2369 85 2420 1.
102 2358 268 2439 Αίσχύλου
287 2361 332 2434 Π,
354 2365 472 2424 undel.
494 2367 656 2423 Gronovius
676 2356 749 2443 όρος
767 2358 941 2442 Αίγύπτου.
1051 2374 1080 2426 2.
1098 2363 1211 2443 Αίνία]

64 2455 230 2536 Epieniore
257 2460 401 2536 epitomae
427 2459 583 2540 exemplari
609 2458 740 2517 Eustath.
767 2457 805 2515 ad
825 2456 897 2516 11.2
899 2459 983 2528 ,749
1008 2455 1106 2518 Αίνία
1125 2454 1213 2529 πόλις

7 2503 10 2585 ί
64 2545 254 2626 Περραιβῶν,
275 2569 327 2606 και
319 2546 542 2620 Αίνιιῖνες(
513 2570 541 2609 οι
562 2551 783 2620 κατοικοῦντες.
810 2569 837 2608 οι
829 2544 885 2607 δ’
908 2545 995 2610 αῦτοί
1016 2549 1067 2610 ναὶ
1083 2549 1209 2622 Αίνιεῖς,

8 2655 11 2713 3
62 2633 98 2698 iu
119 2637 153 2699 tii
172 2637 224 2699 καί
243 2637 363 2699 Αἴνιοι·
384 2637 426 2712 ὡς
445 2638 504 2721 γὰρ
522 2639 633 2702 Λυκία
652 2639 785 2712 Λύκιος,
806 2633 906 2712 ούτως
923 2641 1021 2700 Αίνία
1039 2639 1159 2711 Αίνιος,
1181 2641 1213 2713 ίξ

6 2716 11 2769 ί
62 2717 93 2792 οῦ
116 2754 153 2794 το
141 2726 302 2803 Αίνιάν,
330 2727 372 2803 ὡς
395 2731 538 2813 μίγιστος
562 2728 723 2813 μεριστόν,
750 2731 801 2792 καί
822 2727 950 2809 αλκιμος
970 2727 1103 2810 ιλλκιμόν
1124 2724 1214 2812 (ὅθεν

4 2869 6 2883 .
62 2816 238 2900 όΑλκμιίν)
260 2843 311 2882 και
304 2819 398 2894 νίος
417 2821 487 2884 νεύν
508 2819 631 2904 (gihitt
616 2850 635 2906 η
656 2827 755 2896 νεᾶνις
774 2823 824 2885 καί
845 2817 1031 2904 νεανίας).“
1014 2845 1097 2907 οπερ,
1118 2820 1214 2906 ἤγουν

2 2933 4 2956 ι
60 2937 91 2978 ιιι
79 2909 278 2984 Αίνιιίν,“
265 2907 429 2996 ομύφωνόν
448 2914 526 2987 ἔστι,
549 2915 642 2998 φασί,
663 2917 709 2999 τῷ
728 2915 833 2998 κυρίῳ.
863 2913 928 2978 ε’στι
952 2915 1012 2998 γὰρ
1037 2914 1147 2980 καί’
1108 2940 1214 2999 κυριον

60 3001 217 3068 όΑίνιιίν.
238 3005 404 3068 ἐκαλοῦντο
425 3007 461 3068 δέ
479 3008 561 3090 φασί
577 3008 721 3070 ποτεναὶ
742 3009 883 3088 Μηλιεῖς.
982 3009 1034 3070 διὰ
1055 3034 1111 3071 οιιι.
1132 3014 1170 3072 V.

59 3107 218 3178 Αίνείαδες
237 3109 275 3180 R,
294 3103 444 3179 Αίνιόδες
463 3111 499 3180 V,
518 3108 682 3179 Αίνειᾶῦες
701 3109 744 3169 Π.
836 3115 865 3170 3.
884 3087 1009 3180 Αίνεύος
1027 3114 1064 3170 R.
1162 3109 1215 3172 καὶ

60 3225 113 3264 σω.
132 3205 168 3263 Β.
248 3197 382 3271 Αίνειεῖς
399 3203 435 3261 R.
513 3204 543 3261 4.
564 3196 605 3271 ὡς
624 3223 678 3282 pro
698 3199 749 3262 καί
769 3204 806 3262 V.
885 3203 914 3262 4.
935 3205 964 3264 5.
986 3194 1130 3280 ἑνδεκάτῃ
1149 3203 1215 3272 ΒΗ,

60 3291 97 3354 ιδ’
116 3296 179 3366 RV,
199 3288 515 3375 τεσσαρεςκαιδεκότη
535 3297 568 3353 Δ.
594 3296 744 3355 Strabonis
770 3298 851 3356 locus
871 3308 915 3357 est
936 3301 969 3356 11
992 3317 1022 3376 p.
1043 3298 1110 3354 506.
1137 3292 1217 3374 φασὶ

59 3387 91 3448 δὲ
116 3385 313 3467 Παρρασίων
337 3383 404 3444 τινὰ
431 3388 613 3464 συνοικῆσαι
637 3393 702 3457 τοῖς
722 3381 920 3468 Ἀναριιίκαις
944 3389 1096 3462 (Ponticae
1121 3383 1214 3464 genti)

59 3473 113 3549 οῦς
132 3480 297 3539 καλεῖσθαι
318 3480 374 3538 νῦν
386 3476 601 3558 Παρρασίους,
623 3481 671 3538 ubi
691 3491 768 3540 recte
789 3483 969 3560 eStephano
986 3481 1113 3539 scribunt
1128 3477 1215 3556 Παρ·

60 3569 154 3641 σίους.
244 3575 273 3628 6.
293 3568 409 3629 Αίνίαν
428 3573 463 3642 R,
487 3568 618 3630 Αίνείαν
638 3571 675 3628 V.
762 3577 790 3632 8.
805 3581 833 3634 9.
857 3568 993 3650 Τευκρός
1012 3569 1063 3632 καί
1083 3570 1114 3630 Γ
1110 3565 1217 3650 ραικός

59 3665 124 3736 ΒΗ,
146 3664 285 3740 Τεῦκρος
304 3661 356 3722 καί
375 3659 518 3741 γυναικός
537 3665 612 3723 libri.
692 3670 739 3724 11.
752 3662 868 3723 Αίνίαν
887 3667 924 3724 V.
1004 3670 1051 3724 12.
1065 3661 1219 3733 Βιστωνίς

60 3757 133 3814 libri.
217 3751 254 3814 τό
275 3766 343 3814 ante
363 3750 505 3832 κτητικύν
525 3775 580 3816 om.
601 3759 637 3815 R.
722 3761 768 3816 13.
788 3752 953 3831 Αίνιακῦς]
973 3748 1109 3831 Αίνιακὴ
1125 3748 1217 3834 χώρα

2 3886 4 3902 .
61 3859 102 3907 εει
128 3849 209 3928 apud
233 3848 350 3906 Aristot.
373 3868 452 3906 ausc.
472 3850 535 3906 mir.
557 3849 623 3909 145.
739 3849 786 3908 14.
810 3839 923 3923 Λίνος]
951 3849 1036 3906 Hane
1060 3849 1217 3908 sectionem

2 3961 5 3974 ι
61 3940 253 3998 mirimodis
273 3943 468 4019 ρειιστίιαῐοιιι
489 3939 530 3998 ita
549 3941 613 4002 sere
633 3941 672 3999 ad
692 3943 835 4000 saniorem
860 3942 1000 3998 rationem
1025 3943 1219 4000 revocaveris:

61 4023 192 4102 Λίνος,
215 4025 303 4102 πόλις
319 4025 456 4114 Θρᾴκης,
470 4025 624 4109 Αψινθος
640 4027 820 4110 καλουμένη.
842 4023 1078 4112 Στρόβωνξ
1080 4027 1112 4089 ἐν
1131 4027 1218 4110 ῦὲτῇ

62 4121 173 4204 ίκβολῇ
197 4125 255 4184 τοῦ
273 4115 391 4203 Ἕβρου
417 4117 609 4200 διστόμυυ
592 4143 681 4193 οντος
705 4118 792 4192 πόλις
809 4114 909 4191 Λίνος
927 4119 1042 4197 κτίσμα
1063 4119 1216 4197 [Μιτυλη-

5 4209 16 4236 “
66 4211 179 4324 ηαίων]
194 4212 247 4274 καί
273 4211 387 4292 Κυμαί
385 4209 461 4276 ων”.
492 4211 527 4274 τό
554 4211 678 4275 ίθνικύν
696 4207 854 4283 Αίνιος
832 4232 874 4281 ως
897 4207 1018 4288 Τήνιος.
1053 4202 1135 4269 ούτω
1159 4207 1220 4320 γὰρ

65 4297 273 4388 ’ναγραφεται
294 4303 328 4366 ίν
346 4313 411 4377 τοῖς
430 4303 559 4377 πίναξιν.
588 4296 793 4366 καιΑίνόθεν
812 4297 939 4364 τοπικόν
955 4299 1120 4380 ίπίρρημα.
1148 4295 1220 4359 ταῦ·

65 4415 116 4472 την
139 4391 379 4474 Ἀπολλόδωρός
409 4417 505 4480 φησιν
535 4391 722 4474 ὠνομάσθαι
747 4392 983 4472 Πολτυμβρίαν.
1020 4387 1052 4468 ,θ’
1079 4387 1144 4452 ἴστι
1170 4389 1222 4450 καί

67 4484 147 4561 πόλις
167 4487 358 4560 Θεσσαλίας.
391 4491 551 4569 κληθῆναι
573 4487 611 4550 δὲ
632 4484 730 4568 αυτὴν
753 4479 801 4549 ότι
824 4481 957 4564 πλησίον
978 4483 1036 4634 ηης
1046 4467 1203 4560 ἩὈσσης
1183 4501 1223 4560 ην
