2880 5092
745 279 820 352 592

289 457 504 542 Σύνδικος,
533 458 636 542 πόλις
662 458 830 550 προσοχῆς
851 463 939 550 τῆ..
913 456 1062 550 Σκυθίᾳ,
1092 454 1214 542 ἔχουσα
1238 460 1373 610 λιμένα.

204 575 291 647 ἔνιοι
315 580 354 650 δὲ
377 578 618 670 Γοργίππην
640 569 791 648 καλοῖσι.

291 697 495 782 Σύνναδα,
518 696 621 781 πόλις
640 698 874 792 Φρυγίας
882 724 972 766 .-και
963 694 1269 785 Δοκίμειακιίμη
1291 697 1372 774 ἐπί,-

206 845 301 890 κεινα
332 817 435 908 αὐτῆς
526 813 559 886 οῖ
586 815 619 886 δ’
649 815 827 906 ἐπιχώριοι
849 823 1028 901 Δοκιμῖτιν
1054 817 1112 884 καί
1136 815 1370 901 Δοκιμαίαν”.

179 957 192 996 ⁶
206 940 340 1028 λέγουσι
362 937 401 1007 δὲ
418 935 610 1023 Ἀκάμαντα
630 937 715 1022 μετὰ
731 936 773 1006 τὰ
792 936 927 1026 Τρωικὰ
943 933 1239 1026 άποπλανηθέντα
1249 935 1373 1004 ἐλθεῖν

207 1056 255 1140 τίς
280 1056 428 1148 Φρυγίαν
455 1056 512 1125 καῖ
539 1057 739 1142 καταλαβεῖν
768 1051 1054 1144 πολιορκούμενον
1079 1055 1140 1124 τὸν
1164 1060 1233 1123 τοῖν
1253 1053 1388 1128 τόπων,

206 1175 370 1268 δυνάστην
384 1176 441 1244 καὶ
454 1170 675 1263 βοηθήσαντα
690 1169 782 1262 αύτῷ
796 1175 911 1259 λαβεῖν
925 1171 1036 1262 χάραν
1049 1175 1107 1242 καὶ
1121 1173 1233 1244 κτίσαι
1249 1173 1369 1244 πόλιν·

206 1293 480 1384 συναθροίσαντα
507 1294 545 1362 δι’
569 1291 720 1372 πολλούς
741 1288 918 1382 οἰκήτορας
938 1297 1005 1364 τῶν
1029 1288 1100 1364 άπδ
1123 1298 1182 1382 τῆς
1204 1291 1371 1376 Ἑλλάδος
1393 1289 1397 1298 ’

206 1409 418 1483 Μακεδόνων
438 1409 523 1480 κατά
545 1410 604 1502 τῆν
626 1408 759 1493 Ἀσίαν,
785 1411 826 1480 τδ
852 1413 914 1496 μὲν
934 1415 1069 1501 πρῶτον
1091 1409 1194 1502 αύτῆν
1212 1408 1288 1482 άντδ
1311 1418 1371 1504 τῆς

167 1559 194 1600 ιο
206 1535 399 1622 συναγωγῆς
413 1531 470 1599 καί
484 1527 707 1620 συνοικήσεως
722 1527 901 1600 Σύνναια
923 1535 1205 1621 προσαγορεύσαι,
1227 1534 1313 1616 μετὰ
1331 1535 1371 1604 δι’
1421 1551 1426 1566 .

206 1657 313 1722 ταῦτα
333 1651 630 1741 παρεφθαρμένως
651 1645 720 1720 ὑπὸ
740 1654 807 1719 ταῖν
822 1647 1064 1740 πλησιοχώρων
1079 1646 1268 1720 Σύνναδα
1290 1655 1393 1742 κλη-·

207 1776 325 1862 θῆναι.
366 1766 385 1838 δ
408 1766 550 1858 πολίτης
571 1766 768 1850 Συνναδτύς.
806 1768 893 1838 οὕτω
917 1770 979 1860 γάρ
1000 1769 1058 1837 καί
1078 1768 1137 1838 ἐπὶ
1158 1775 1219 1846 τοῦ
1239 1768 1370 1861 παρόν.

206 1916 265 1972 τος
286 1887 430 1978 λέγεται.

291 2004 571 2096 Συπαληττός,
595 2011 702 2098 δῆμος
721 2011 781 2097 τῆς
797 2005 1010 2099 Κεκροπίδας
1027 2011 1146 2100 φυλῆς.
1184 2005 1203 2078 ὁ
1223 2007 1371 2099 δημότης

124 2161 126 2164 ·
167 2153 193 2194 ιι
207 2123 452 2217 Συπαλῆττιος.
497 2128 533 2197 δτι
553 2125 663 2198 τόπου
684 2124 972 2216 Συπαληττόθιν,
993 2124 1048 2208 εἰς
1061 2124 1169 2198 τόπον
1188 2130 1370 2217 Συπαλητ-
1398 2115 1399 2120 ¹

207 2242 320 2326 τόνδε,
343 2246 378 2314 δν
398 2241 496 2335 τόπῳ
515 2247 739 2334 Συπαληττοῖ.

292 2362 568 2453 Συράκουσαι,
604 2362 708 2447 πόλις
738 2364 896 2447 Σικελίας
926 2341 1088 2455 μεγίστη,
1115 2361 1164 2448 ὡς
1192 2361 1370 2449 Ἑκαταῖος

207 2479 371 2575 Εύριάπῃ,
402 2481 522 2569 κτίσμα
543 2485 605 2569 μὲν
621 2480 769 2575 Ἀρχίου,
798 2482 975 2572 Κορίνθου
996 2481 1030 2554 δ’
1053 2478 1214 2566 άποικος,
1241 2492 1314 2566 τοῖς
1334 2485 1369 2555 δν

207 2603 346 2696 Σικελίᾳ
369 2601 578 2694 [Μεγάροις]
602 2605 659 2676 καί
680 2599 785 2693 Νάξῳ
808 2599 999 2691 ὁμόχρονος.
1040 2603 1125 2692 φασὶ
1147 2605 1185 2674 δὲ
1209 2599 1376 2673 Μύσκελ-Ι

167 2726 268 2820 ιολον
295 2723 355 2792 τδν
379 2721 560 2813 Κρότωνος
587 2721 736 2812 οίκιστῆν
764 2723 821 2792 καί
847 2723 907 2792 τόν
937 2719 1058 2810 ταύτης
1086 2718 1221 2811 Ἀρχίαν
1248 2729 1372 2794 Πυθοῖ

205 2843 547 2932 χρηστηριαζομένους
569 2841 781 2930 ἐρωτηθῆναι
803 2840 839 2911 ἐκ
860 2846 919 2932 τῆς
939 2839 1095 2921 Πυθίας,
1120 2840 1266 2932 πότερον
1286 2842 1370 2930 βού-Ι

206 3145 235 3200 2.
257 3138 288 3198 Γ
284 3137 413 3218 υργίιιην
438 3141 512 3199 iibri.
539 3161 629 3221 supra
654 3140 684 3200 Γ
681 3139 843 3221 οργίππεια
868 3143 980 3202 dieitur.
1098 3149 1126 3203 3.
1149 3135 1279 3201 Σύναδα
1304 3145 1369 3205 RV.

206 3235 326 3292 lacunas
352 3234 492 3292 indicatas
518 3236 656 3314 supplere
682 3237 750 3294 iicet
776 3241 812 3295 ἐι
836 3237 932 3295 strab.
955 3239 991 3294 12
1012 3257 1041 3314 p.
1063 3241 1134 3295 577:
1161 3228 1308 3295 Σύνναδα
1335 3233 1368 3295 δ’

205 3322 289 3385 λ’στιν
308 3319 345 3384 σύ
364 3319 482 3403 μεγάλη
502 3322 599 3396 πόλις.
619 3323 777 3406 πρόκειται
796 3321 830 3386 ’δ’
847 3322 943 3404 αὐτῆς
957 3320 1143 3406 ἐλαιόφυτον
1158 3326 1274 3398 πεδίον,
1294 3321 1371 3389 ὅσον

206 3413 354 3496 ἑξήκοντα
375 3416 526 3478 σταδίων·
547 3416 684 3480 λαίκεινα
705 3415 737 3478 δ’
760 3418 825 3480 ίστλ
845 3418 983 3497 Δυκιμία
1005 3417 1185 3496 (Δοκίμεια)
1206 3415 1296 3498 κιύμη
1318 3421 1369 3481 καλ

205 3508 241 3570 τὸ
262 3505 428 3586 λαοτόμιον
446 3511 504 3570 τοῦ
524 3510 718 3572 Συνναδικυῦ
739 3511 846 3572 λίθου·
869 3507 950 3572 οὕτω
969 3511 1026 3588 μὲν
1041 3509 1189 3589 Ῥωμαῖοι
1210 3514 1368 3585 καλοῦσιν,

207 3598 236 3662 οῖ
261 3599 292 3661 δ”
314 3597 469 3680 ἓαιχιύριοι
494 3601 670 3684 Δοκιμίτην
695 3604 746 3666 καλ
771 3603 958 3683 Δοκιμαίαν.
1083 3608 1111 3664 4.
1131 3602 1309 3685 Δοκιμῆτιν
1333 3611 1368 3677 Η,

205 3693 379 3772 Δσκιμίτην
399 3698 460 3756 Av.
554 3696 729 3774 Δοκιμιιῖον
750 3702 785 3770 H,
805 3696 946 3777 Δσκιμία
966 3701 1138 3760 Salmasius.
1236 3705 1266 3758 5.
1282 3695 1369 3759 Ἀντί·

204 3791 321 3866 μαντα]
343 3790 424 3849 Ηιιοο
444 3811 479 3852 ex
499 3793 656 3851 Alexandri
675 3793 842 3870 Phrygiacis
862 3796 954 3872 petita
974 3794 1114 3852 videntur.
1194 3797 1241 3850 10.
1253 3811 1369 3869 προσα-

205 3883 351 3962 γορεῦσαι
372 3885 435 3952 RV,
453 3886 748 3963 προσαγορευθῆναι
769 3892 802 3943 Α.
921 3891 966 3944 11.
988 3880 1050 3943 άπδ
1071 3884 1145 3943 libri.
1258 3891 1306 3945 15.
1329 3885 1371 3955 τίς

205 3969 301 4035 τόπον
320 3976 390 4034 add.
410 3979 476 4036 Rv.
569 3984 614 4037 17.
632 3975 756 4052 βιβλίον
775 3973 813 4038 νά
834 3983 901 4038 ante
922 3973 1121 4056 Συράκουσαι
1142 3981 1178 4037 R.
1252 3970 1371 4058 ,Συρά-

206 4070 317 4128 κοῦσαι
338 4070 412 4127 libri.
500 4075 546 4130 18.
566 4067 623 4146 μὲν
642 4070 711 4128 αδδ.
733 4073 796 4156 RY.
885 4065 916 4128 δ’
939 4091 995 4129 om.
1016 4071 1090 4128 libri.
1170 4065 1294 4141 λ’ποικος
1315 4073 1370 4151 Pp.

205 4168 271 4274 τρῖς
289 4163 371 4239 Ρρῖλ,
391 4162 500 4237 τῆςλ.
580 4169 626 4222 19.
642 4157 800 4241 Μεγάροις
820 4183 876 4222 om.
892 4165 971 4234 iibri3
993 4163 1056 4221 vide
1070 4164 1206 4222 strabon
1218 4169 1284 4242 6η.
1297 4169 1370 4225 269:
1407 4227 1409 4234 ⁴

204 4250 262 4321 τὰς
276 4249 482 4328 Συρακούσας
496 4248 652 4329 Ἄρχίιιςι
654 4254 697 4313 ιὲν
716 4250 887 4314 λ’κτισεν-
909 4251 984 4332 περὶ
998 4250 1072 4322 τούς
1091 4251 1206 4326 αύτοδς
1221 4248 1371 4333 χρόνους,

205 4336 293 4412 οἷς’
270 4335 494 4424 ιοκίσθησαν“
474 4365 493 4419 η
514 4364 546 4402 τε
568 4338 674 4414 Νάξος
693 4344 745 4404 καί
764 4346 803 4405 τὰ
825 4343 972 4426 Μέγαρα.
1052 4352 1098 4407 111.
1109 4351 1156 4406 20.
1180 4342 1372 4408 Μύσκιλλον

204 4439 240 4506 R,
263 4432 443 4494 Μίσκιλλον,
461 4437 522 4492 AV.
825 4473 827 4480 ,
