2866 5092
602 222 661 296 157

49 395 277 484 Ἀθαμανίας.
322 399 361 468 τό
378 398 519 476 Ιέθνιιιόν
540 405 600 492 τῆς
621 397 790 472 Ἀκάνθου
810 399 1008 487 Ἀκάνθιος,
1037 402 1075 487 ἐξ
1096 396 1137 474 οὗ
1157 407 1214 476 καί

57 635 89 706 οἱ
108 641 170 727 τῆς
190 633 303 726 χῶρας
323 636 476 726 τέττιγες,
500 635 547 721 ῶς
560 638 758 728 Σιμωνίδης.
791 640 829 711 τό
853 642 1000 732 θηλυκὸν
1016 640 1212 725 Ἀκανθιός.

57 762 116 846 τῆς
137 758 177 827 δέ
201 754 377 826 Ἀκανθῶν
401 752 558 846 [πόλιως]
583 755 887 849 Ἀκανθοπολίτης·
919 760 1051 848 λέγεται
1073 763 1214 855 γὰρκαὶ

60 875 164 956 οὕτως
186 871 208 965 ἡ
230 873 348 958 πόλις·
372 871 419 956 ῶς
437 876 711 969 Λυοντοπολίτης
732 879 789 947 καί
810 879 1049 971 Λυκοπολίτης
1070 884 1128 952 καί
1142 891 1238 952 Kv-⁶

61 993 248 1084 νοπολίτης,
271 995 349 1085 περὶ
371 985 418 1063 ῶν
439 990 616 1084 εἰρήσεται.

138 1112 346 1198 Ἀκόνναι,
377 1111 542 1204 ἐμπόριον
569 1117 648 1206 περὶ
665 1116 734 1207 ,τήν
754 1114 920 1208 Ἐρυθρὰν
941 1115 1132 1190 θάλασσαν.
1174 1122 1234 1192 τό

65 1231 197 1304 ἔδνικόν
213 1232 417 1316 Ἀκανναῖος,
444 1229 490 1315 ῶς
511 1240 659 1320 Σαβαῖος
682 1236 738 1304 καί
759 1244 790 1304 Γ
789 1241 920 1328 ιρραῖος
941 1239 998 1308 καί
1015 1234 1215 1332 Ἐρυθραῖος

66 1351 137 1441 παρ’
161 1349 285 1435 αι’ποῖς.

136 1469 397 1563 Ἀκαρνανία,
417 1468 509 1564 χῶρα
532 1473 751 1562 κεχωρισμένη
772 1479 838 1542 τῶν
856 1471 1037 1566 Κουρήτων
1058 1477 1145 1567 πρός
1165 1483 1213 1568 τῷ
1226 1503 1252 1542 ιο

63 1589 284 1682 Ἀχελῴω...
314 1591 370 1662 διό
399 1594 580 1660 καλοῦνται
608 1588 641 1660 οἱ
667 1594 728 1677 μὲν
755 1583 944 1682 κειρόμενοι
966 1599 1150 1686 Κουρῆτες,
1180 1594 1213 1664 oi

68 1712 100 1781 ιίί
135 1707 333 1802 ἇκοόρευτοι
365 1706 573 1799 Ἀκαρνᾶνες.
627 1707 713 1778 ἔνιοι
748 1712 786 1779 δὲ
822 1707 893 1779 ἀπό
927 1710 1037 1803 ἥρωος
1066 1707 1213 1798 τοῗίνομα

68 1825 144 1913 ἔχειν
159 1831 205 1900 ’τό
228 1825 384 1918 ἑκάτερον
406 1832 527 1920 φῦλον,
559 1827 593 1898 οἱ
620 1830 657 1898 δὲ
685 1825 756 1898 ἀπό
782 1833 843 1898 τοῦ
865 1822 963 1920 όρους
983 1834 1044 1898 τοῦ
1065 1830 1214 1920 Κουρίου

69 1950 138 2030 τούς
163 1953 344 2039 Κουρῆτας
373 1943 461 2018 εἶναί
487 1973 607 2040 φασιν,
636 1945 668 2016 oi
695 1949 733 2018 δὲ
762 1951 1078 2042 «θηλυστολοῦντας
1104 1945 1150 2030 ῶς
1177 1949 1213 2020 αἱ

4 2099 5 2192 η
68 2063 157 2158 κόραι
188 2062 337 2153 τοῦνομα
365 2073 509 2151 σχεῖν...
538 2061 625 2137 εἶναι
652 2067 713 2158 γὰρ
739 2068 795 2136 καὶ
822 2065 977 2138 τοιοῦτόν
1009 2094 1086 2137 τινα
1113 2071 1212 2160 ζῆλον
1225 2093 1251 2134 ιι

4 2213 5 2220 “
67 2183 185 2270 ἐντοῖς
204 2185 378 2276 Ἓλλησιν,
408 2181 455 2268 ῶς
480 2189 537 2256 καί
559 2183 921 2273 Ἰόοναςὲλκιχίτωνας
944 2185 1135 2279 [εἰρῆσθαι]
1157 2191 1214 2259 καί

65 2303 226 2396 νρῶβυλον
253 2307 312 2374 καί
336 2307 469 2395 τέττιγα
497 2307 744 2392 ίμπλέκιυθαι,
775 2308 833 2376 καί
864 2308 943 2391 τοὺς
971 2309 1051 2397 περὶ
1077 2308 1213 2378 Λεωνί-

64 2429 120 2496 ιίαν
145 2427 397 2512 κτενιζομένους
423 2425 483 2516 την
507 2422 625 2515 κόμην,
655 2423 700 2495 ὅτ’
725 2421 910 2517 ἐπεξῄεσαν
938 2424 986 2508 τίς
1012 2428 1072 2518 την
1096 2425 1211 2518 μάχην,

60 2651 257 2666 *a

58 2809 85 2864 2.
97 2795 254 2872 Ἀκανθος
273 2795 373 2871 τέττιξ
392 2811 459 2862 ante
479 2803 516 2861 X.
611 2804 640 2859 4.
661 2799 717 2875 τῆς
736 2796 770 2858 δι’
782 2794 958 2859 Ἀκανθίων
977 2795 1153 2878 (Ακανθίην
1172 2802 1212 2879 V)

51 2891 325 2970 Ἀκανθοπολίτης,
346 2889 461 2971 λέγεται
481 2890 541 2971 γὰρ
562 2888 613 2966 καί
634 2883 733 2961 οὕτως
754 2887 773 2970 ἡ
793 2886 880 2963 πόλις
898 2896 961 2964 RV,
986 2894 1042 2970 τῆς
1062 2891 1096 2953 δι’
1109 2890 1213 2955 Ἀκόν-

57 2993 120 3049 θου
137 2984 418 3063 Ἀκανθοπολίτης,
439 2983 554 3064 λέγεται
573 2983 632 3066 γὰρ
653 2984 705 3045 καὶ
726 2977 825 3055 οὕτως
844 2979 860 3046 δ
881 2983 1007 3064 πολίτης
1026 2989 1060 3045 λ.
1091 2991 1214 3048 correxit

57 3085 96 3142 Μ.
125 3077 288 3142 Ἀκανθῶν
311 3073 399 3147 πόλις
421 3088 540 3137 vocatur
563 3081 708 3138 Acanthus
733 3082 910 3158 Aegyptiace
935 3082 1020 3138 etiam
1047 3082 1213 3138 aDiodoro

58 3179 116 3236 ste.
138 3183 167 3246 1,
186 3179 225 3236 97
251 3184 280 3232 et
305 3172 471 3231 Ptolemaeo
500 3174 607 3250 Geogr.
628 3174 662 3242 4,
682 3177 714 3242 5,
735 3177 782 3232 55.
809 3173 940 3249 ejusdem
966 3173 1079 3246 generis
1099 3182 1215 3250 praeter

58 3271 115 3328 aiio
134 3279 202 3328 ιυιιι
220 3262 377 3344 Ἀγκυρῶν
396 3258 493 3335 πόλις,
517 3260 640 3325 Λάτιον
660 3263 691 3342 (a
711 3261 817 3340 λότος)
837 3258 934 3332 πόλις,
959 3257 1096 3341 Ἀνδρῶν
1115 3259 1212 3330 πόλις,

57 3361 176 3422 Πανῶν
195 3356 292 3428 πόλις,
320 3357 480 3416 Γυναικῶν
498 3351 594 3427 πόλις,
610 3352 744 3434 Ἡρώων
763 3351 859 3426 πόλις,
880 3352 1097 3433 Κροκοδείλων
1116 3347 1212 3424 πόλις,

57 3454 171 3514 Κυνῶν
190 3447 292 3520 πόλις,
316 3444 439 3510 Λόκων
462 3445 563 3519 πόλις,
589 3443 740 3508 Λεόντων
760 3445 855 3518 πόλις.
971 3455 999 3509 7.
1016 3442 1159 3507 Ἀκανναι
1180 3450 1214 3518 Α,

50 3541 195 3607 Ἀκανναι
216 3546 254 3614 V,
272 3536 406 3602 Ἀκαννα
424 3545 460 3602 R.
489 3543 566 3623 apud
586 3545 783 3602 Ptolemaeum
802 3546 830 3611 4,
849 3547 877 3613 7,
898 3549 931 3602 11
954 3544 1050 3602 editur
1068 3535 1214 3600 Ἀκκιίναι

58 3631 90 3714 (ἢ
105 3631 264 3714 Ἀκόνναι)
285 3628 440 3713 έμπόριον.
546 3641 574 3696 8.
595 3634 626 3693 Γ
623 3641 745 3715 ιρραῖος
766 3638 802 3705 Η,
822 3635 853 3692 Γ
850 3642 951 3712 ιραῖος
970 3639 1031 3706 AV,
1052 3656 1108 3693 om.
1128 3636 1165 3693 R.

57 3743 85 3792 9.
110 3727 199 3808 παρὰ
225 3734 289 3798 τοῖς
310 3721 493 3806 [Ἀραψιν]λ
518 3730 574 3787 hoc
594 3741 672 3788 certe
693 3730 789 3788 dicere
810 3731 898 3787 voluit
916 3733 1097 3810 epitomator.

58 3831 104 3884 11.
126 3823 264 3882 indicavit
286 3824 416 3881 lacunam
435 3823 472 3880 B.
499 3823 554 3879 vid.
576 3823 681 3880 Strabo
702 3827 739 3881 10
758 3843 788 3901 p.
808 3826 865 3881 166
877 3843 920 3899 ιη.
1028 3827 1074 3880 13.
1095 3817 1214 3900 Καρίου

48 3918 110 3996 -Pp-
192 3921 239 3975 15.
255 3909 345 3993 κόραι
366 3916 421 3974 RV
441 3925 470 3973 et
489 3916 605 3984 Strabo,
624 3913 732 3990 κοῦραι
754 3918 786 3972 Α.
864 3912 924 3993 γὰρ
943 3913 1037 3973 ffltv
1058 3923 1087 3972 et
1100 3914 1215 3980 Strabo,

58 4009 90 4070 δέ
110 4013 144 4068 Α.
235 4000 580 4086 16.'1‹t0ra;1²p111tv
600 4019 629 4066 et
648 4008 763 4077 Strabo,
785 4001 898 4077 ’ίαίνας
917 4011 950 4066 Α.
972 4027 997 4066 τ.
1020 4009 1103 4065 Hom.
1123 4006 1157 4064 lt.
1179 3998 1214 4074 ν’,

57 4109 124 4166 685.
223 4099 373 4178 εἰρῆσθαι
396 4122 412 4160 e
433 4101 576 4160 Strabone
597 4100 735 4168 additum,
755 4101 835 4158 cuius
856 4101 972 4158 codices
993 4099 1145 4175 sequentia
1163 4094 1215 4156 καὶ

56 4192 218 4276 κρῶβυλον
239 4186 408 4272 (κρόβυλον
427 4195 468 4268 V)
495 4192 547 4252 καί
572 4189 693 4269 τέττιγα
713 4187 920 4267 έμπλέκεσθαι
947 4194 1089 4250 omittunt.

57 4297 103 4350 17.
119 4295 164 4350 18.
185 4283 274 4366 παρὰ
295 4283 446 4369 Λεωνίδη
466 4290 502 4356 R,
522 4280 740 4366 πιρικλεωνίδη
760 4285 796 4341 V.
928 4289 974 4344 18.
995 4273 1160 4360 ἐπεξῄεσαν
1178 4283 1215 4350 R,
1302 4279 1305 4284 ‘

55 4376 182 4465 ίξῄισαν
200 4382 266 4440 AV.
293 4379 366 4437 illud
387 4380 473 4438 etiam
493 4380 628 4440 straboni
648 4377 833 4438 reddiderim.
