2888 5084
747 291 822 364 168

202 469 462 564 Ἀπολλόδωρος
492 474 531 544 δὲ
558 474 614 541 καί
638 467 889 562 Ἐπαφρόδιτος
914 469 971 538 καί
988 464 1184 559 Ἡρακλέων
1208 470 1268 539 διδ
1289 465 1365 539 δάσ.

185 585 188 592 ’
210 589 371 683 αΒῆσσάν
392 617 429 661 τε
450 589 607 683 Σκάρφην
627 618 663 661 τε
684 593 742 660 καί
762 586 916 678 Λάμειάς
937 583 1147 678 ἐρατεινάς”.
1179 581 1366 678 ὠνομάσθη

209 711 247 780 δὲ
269 707 340 780 άπὸ
361 713 421 800 τῆς
441 715 502 779 τοῦ
520 707 630 780 τόπου
652 706 786 800 φάσεως
806 705 985 790 ναπώδους
1008 702 1119 796 οἷίσης.
1163 707 1203 776 τό
1227 707 1367 777 δθνικόν

208 827 386 916 Βησσαῖος.

183 967 196 1005 ⁵
295 945 498 1038 Βήσσυγα,
521 944 713 1037 οὐδετέρως,
736 944 899 1036 ἐμπόριον
920 951 979 1036 τῆς
991 942 1139 1035 Ἰνδικῆς,
1162 943 1366 1034 καὶΒησσό-

208 1092 270 1155 ηας
298 1062 468 1150 ποταμός,
499 1067 555 1134 καὶ
579 1070 781 1154 Βησσυγῖται
812 1063 845 1133 ολ
873 1059 1070 1154 δίνδρωποι,
1100 1062 1159 1145 σάς
1180 1088 1286 1155 φασιν
1307 1061 1366 1133 άν-

209 1181 475 1276 θρωποφάμους.

295 1301 512 1388 Βίβαστος,
544 1299 675 1393 Θρᾴκης
700 1299 812 1383 πόλις.
855 1302 895 1371 τό
922 1302 1060 1374 ἔδνικδν
1086 1301 1158 1373 ίίδει
1179 1299 1367 1387 Βιβάστιος

210 1417 256 1502 ὡς
281 1421 454 1503 Φαίστιος.
499 1419 529 1490 τί
551 1423 590 1491 δὲ
611 1416 815 1505 Βοάβαστος,
836 1421 876 1491 τό
899 1419 1037 1492 iuueni»
1058 1418 1299 1508 Βουβαστίτης.

171 1570 197 1608 10
296 1537 483 1630 Βιβλίνη,
503 1537 596 1631 χώρα
621 1535 761 1629 Θράκης.
806 1535 877 1609 άπὸ
897 1539 1019 1632 ταύτης
1041 1539 1060 1612 ὁ
1083 1541 1242 1628 Βίβλινος
1263 1533 1366 1620 σίνος.

210 1658 243 1728 ολ
265 1661 304 1730 δὲ
326 1657 397 1729 άπδ
414 1658 557 1745 Βιβλίας
578 1656 745 1745 ἀμπέλου.
778 1663 891 1747 Σῆμος
913 1658 946 1730 δ’
971 1658 1138 1752 ὁΔὴλιος
1157 1662 1216 1730 τόν
1232 1654 1366 1740 Νάξιόν

209 1805 325 1870 φησιν,
349 1778 467 1868 ἐπειδη
491 1775 610 1859 Νάξου
631 1780 785 1864 ποταμός
805 1777 940 1865 Βίβλος.

295 1899 435 1980 Βῖδος,
459 1894 621 1988 φρούριον
643 1896 678 1967 ἐν
693 1897 840 1989 Σικελίᾳ,
863 1895 1057 1988 οὐδετέρως.
1095 1899 1230 1988 εὕρηται
1253 1896 1365 1967 δὲκαὶ

210 2015 268 2084 διά
300 2012 495 2105 διφβόγγου
522 2015 579 2084 καί
605 2017 663 2084 διά
690 2019 752 2085 τοῦ
773 2016 797 2085 ῐ.
842 2013 913 2085 ἔστι
941 2017 999 2084 καί
1024 2016 1135 2108 ἕτερον
1163 2016 1199 2086 δν
1226 2021 1269 2108 τῇ
1297 2019 1364 2083 τῶν

171 2157 197 2196 u
214 2137 468 2222 Ταυρομενιτῶν
486 2130 578 2225 χοίρφ
597 2133 718 2216 Βίδιος
739 2131 913 2226 φρούριον.
952 2135 992 2204 τδ
1013 2132 1151 2204 ίδνικδν
1170 2137 1321 2215 Βιδῖνος.
1405 2126 1408 2131 ’

296 2261 326 2322 Β
333 2250 347 2321 ί
352 2277 479 2334 ιννος,
507 2249 609 2334 πόλις
628 2250 772 2343 Κρήτης.
815 2249 850 2321 oi
874 2254 937 2338 μὲν
962 2249 1034 2322 άπδ
1055 2252 1195 2322 Βιέννοα
1216 2257 1277 2323 τοῦ
1298 2256 1365 2320 τῶν

208 2369 391 2463 Κουρήτων
413 2367 494 2452 ἑνός,
516 2368 550 2440 oi
572 2373 610 2440 δὲ
632 2367 703 2441 άπδ
724 2377 784 2462 τῆς
805 2373 884 2462 περί
903 2365 1058 2460 τιδι”Αρη
1079 2363 1256 2463 γενομένης
1275 2369 1362 2459 βίας,

210 2486 249 2562 ὃν
277 2492 427 2561 ἐνταῦθα
449 2489 647 2579 [δεδέσθαι]
678 2492 781 2582 φασὶν
806 2487 876 2559 ίιπδ
889 2485 992 2560 Ὤτου
1018 2491 1076 2558 καί
1093 2487 1277 2582 Ἐφιάλτου
1298 2494 1364 2558 τῶν

209 2609 344 2681 παίδων
357 2612 586 2693 Ποσειδῶνος,
608 2610 781 2700 καὶμέχρι
801 2611 858 2678 καί
878 2613 934 2678 νῦν
954 2608 997 2677 τά
1018 2605 1206 2694 καλούμενα
1223 2606 1364 2694 ἑκατομ-

171 2761 198 2800 σο
212 2727 317 2822 φόνια
346 2725 470 2800 δύεται
497 2733 544 2819 τῷ
565 2724 670 2820 Ἄρει.
717 2725 735 2800 ὁ
765 2725 906 2818 πολίτης
933 2717 1086 2809 Βιίννιος
1117 2726 1174 2822 “oi
1200 2728 1239 2798 δὲ
1265 2728 1364 2813 τιμάς

211 3043 239 3096 1.
253 3033 304 3095 καί
324 3047 391 3118 post
411 3035 445 3097 δὲ
464 3059 520 3099 om.
532 3043 568 3100 R.
643 3032 872 3119 Ἐπαφρόδιτος
891 3033 967 3118 λίγα
987 3035 1038 3096 καί
1054 3036 1097 3096 Π.
1175 3045 1204 3098 2.
1217 3034 1362 3117 Βῆσσάν]

209 3147 242 3206 ll.
263 3153 293 3220 2,
313 3153 379 3208 532.
496 3143 634 3228 Αὐγειάς
652 3142 810 3228 ἐρατεινάς
829 3149 865 3216 R,
889 3139 1030 3224 Αὐγείαν
1049 3127 1104 3225 ίρῖι
1124 3146 1201 3218 HV,
1225 3144 1366 3228 Αὐγείαν

209 3235 366 3320 ἐρατεινήν
383 3246 438 3323 Pp,
457 3238 597 3320 Αὐγείαν
615 3238 729 3321 ίρατὴν
746 3245 781 3300 Α.
869 3246 900 3301 8.
921 3233 999 3318 ἀρχὴ
1020 3240 1076 3299 τοῦ
1095 3233 1130 3299 δ’
1148 3238 1272 3316 βιβλίου
1298 3253 1365 3301 unte

209 3333 369 3411 Βίβαστος
389 3337 464 3396 HR.
543 3340 571 3394 9.
592 3328 611 3412 ἦ
636 3333 669 3393 δί
689 3338 726 3394 Η.
746 3336 843 3394 malim
862 3334 918 3411 τῆς
939 3329 981 3391 δὲ.
1008 3335 1045 3394 de
1064 3335 1269 3413 patronymicir
1290 3355 1364 3413 quae

211 3428 280 3486 dicit
295 3433 335 3488 itu
348 3430 487 3507 intelligo,
508 3422 733 3502 οΒσόβαστος,
748 3429 943 3506 Aegyptiacae
959 3429 1037 3485 urbis
1050 3429 1173 3497 nomine,
1187 3427 1365 3506 Aegyptiace

209 3529 279 3599 typo
299 3522 418 3579 formari
437 3523 545 3598 gentile
564 3517 796 3599 Βουβαστίτης,
823 3516 1033 3596 οΒίβαστσς,
1060 3520 1188 3578 Thracia
1208 3523 1294 3589 urbe,
1313 3519 1365 3579 Βι·

209 3606 350 3687 βάστιος.
372 3614 412 3670 ita
431 3615 571 3671 tolluntur
590 3614 784 3673 dubitationes
804 3614 923 3690 Berglii
945 3613 1106 3672 Commeat.
1127 3615 1188 3670 crit.
1209 3617 1278 3691 212.
1299 3619 1327 3675 9.

210 3711 257 3764 11.
273 3703 379 3782 Σῆμος
399 3707 435 3775 V,
454 3704 567 3784 Δῆμος
585 3709 645 3766 AR.
724 3713 770 3768 12.
792 3725 887 3786 φησιν
906 3706 969 3776 RV,
990 3722 1088 3785 φασιν
1105 3707 1140 3762 Δ.
1219 3704 1368 3784 Βιβλίνης

210 3796 335 3856 ἱστίοισι
355 3800 460 3856 rectius
482 3799 561 3878 apud
580 3800 674 3875 Etyrn.
695 3801 735 3858 Μ.
754 3822 785 3880 p.
800 3804 865 3868 197,
886 3803 934 3860 39.
1022 3803 1070 3856 13.
1090 3790 1201 3865 Βλῖδος
1218 3799 1255 3868 R,
1274 3797 1368 3858 Ruu-

211 3886 276 3958 διας
295 3889 338 3958 Π,
359 3887 470 3960 Βείδος
489 3893 527 3966 V,
547 3888 644 3964 Βίδσς
663 3895 697 3952 Α.
776 3893 822 3952 14.
843 3887 907 3950 ίστι
927 3902 957 3951 et
975 3889 1039 3950 τῶν
1058 3911 1114 3949 om.
1134 3891 1171 3948 R.
1249 3886 1366 3968 ἕτερον]

210 3979 270 4038 lmo
292 3982 377 4041 idern.
457 3986 504 4043 15.
517 3981 755 4060 Σααρομενιτῶν
766 3987 803 4044 V.
881 3980 991 4052 Bur?
1009 3982 1048 4041 ci.
1063 3983 1167 4042 Cicero
1180 3983 1265 4042 Verr.
1276 3988 1305 4054 2,
1316 3989 1367 4044 22:

211 4075 314 4132 Bidis
343 4084 398 4133 est
424 4076 635 4154 oppidulum
660 4087 766 4137 tenue
792 4095 880 4137 sane
904 4096 972 4135 nou
998 4076 1106 4155 lunge
1126 4094 1144 4134 a
1163 4076 1367 4151 Syracusis.

213 4169 252 4225 cs.
275 4167 416 4225 Cluverus
435 4169 495 4228 sic.
516 4179 576 4226 ant.
597 4173 625 4238 2,
645 4173 663 4227 6
683 4177 773 4232 etio.
851 4163 977 4236 Βιδινός
996 4165 1040 4226 Π.
1119 4173 1166 4227 16.
1186 4164 1314 4228 Βιίννοα
1332 4171 1369 4241 Χ,

212 4256 328 4318 Βίννοα
350 4259 423 4320 libri.
540 4261 596 4317 τοῦ
622 4260 777 4320 delendum
799 4261 919 4320 ridetur.
1038 4267 1084 4322 18.
1105 4254 1144 4338 ἣν
1163 4280 1216 4339 pro
1236 4251 1272 4320 ὃν
1292 4261 1330 4320 V.

212 4348 361 4413 δεδόσθαι
381 4355 450 4412 add.
471 4354 508 4411 Β.
601 4348 661 4413 imi
681 4355 721 4424 Μ,
741 4347 802 4413 cinci
823 4355 897 4413 libri.
996 4359 1044 4412 20.
1065 4349 1094 4412 oi
1115 4350 1150 4411 δί
1171 4385 1206 4398 -
1228 4351 1368 4437 Βιιννίηι]

211 4448 313 4507 Incerti
333 4446 461 4505 historici
482 4447 577 4506 verbu.
