2888 5084
773 219 845 291 112

226 399 453 488 Ἀργανταῖος,
484 392 571 466 ἀλλὰ
600 393 618 466 ὃ
640 395 748 477 τόπος
768 403 833 465 τῶν
853 396 964 468 Ἰνδῶν
986 394 1008 487 ἢ
1031 395 1248 489 Ἀργαντηνός
1270 393 1292 487 ἢ
1315 395 1392 488 Ἀρ-

232 517 391 606 γαντίτης.

311 634 595 726 Ἀρμέννουσα,
613 639 718 722 ’νῆσος
739 635 825 723 πρὸς
840 639 883 725 τῇ
897 630 1029 722 η’πείρῳ
1043 638 1103 723 τῆς
1121 631 1281 722 Τρωάδος
1296 635 1391 724 παρά

232 757 272 826 τδ
291 753 461 845 Ἀργεννδν
485 748 706 841 ἀκρωτήριον,
730 749 788 842 ἀφ’
808 745 849 821 οὗ
870 749 1069 840 άργεννόεις,
1092 751 1254 821 καὶκατὰ
1277 751 1391 822 συναί-

207 891 324 963 5ρεσιν
346 871 521 962 άργεννοῦς
548 871 604 940 καί
627 868 856 960 Ἀργέννουσα.
899 871 939 940 τό
967 868 1104 938 ἐθνικδν
1126 867 1390 961 Ἀργεννοόσιος.

228 990 427 1082 Ἀνδροτίων
449 991 484 1060 ἒν
504 994 552 1078 τῷ
572 985 718 1078 τετάρτῳ
739 995 800 1078 τῆς
819 987 981 1069 Ἀτθίδος
1002 989 1061 1057 διά
1082 994 1142 1057 τοῦ
1162 997 1187 1058 ῖ.

231 1193 232 1196 ¹
312 1109 476 1200 Ἀργέου
506 1109 669 1196 [νῆσος],
700 1113 800 1196 νῆσος
828 1109 932 1198 μικρά
961 1108 1047 1195 πρός
1071 1111 1120 1196 τῷ
1140 1105 1297 1196 Κανώβῳ
1319 1107 1390 1178 Αἶ-

232 1227 369 1319 γυπτίο,
399 1224 469 1296 δπδ
492 1223 632 1315 Ἀργέου
651 1231 712 1294 τοῦ
733 1226 950 1309 Μακεδόνος,
974 1222 1032 1316 ἀφ’
1058 1217 1099 1294 οῦ
1119 1221 1311 1316 Ἀργεάδαι.
1356 1227 1391 1298 οἱ

231 1345 402 1438 οἰκήτορες
417 1343 609 1435 Ἀρμεῶται,
634 1342 680 1426 ὡς
693 1351 752 1435 τῆς
765 1345 889 1416 Νικίου
904 1349 1076 1415 Νικιιῦται
1091 1345 1150 1414 καὶ
1162 1351 1221 1436 τη”ς
1237 1347 1389 1438 Χαιρέου

196 1493 223 1532 10
236 1472 443 1558 Χαιρειῦται.
487 1467 544 1532 καί
566 1456 749 1555 αὗταιγὰρ
771 1462 952 1554 Αἰγύπτου
973 1461 1103 1546 πόλεις.

307 1580 498 1675 Ἄργιλα,
535 1581 638 1664 πόλις
672 1582 815 1674 Καρίας.
858 1584 897 1654 τό
936 1583 1074 1652 έθνικόν
1104 1581 1305 1674 Ἀργιλίτης,
1342 1583 1389 1667 ὡς

228 1701 445 1794 Ἀλέξανδρος
466 1700 501 1771 ἐν
522 1708 569 1792 τῷ
591 1702 669 1792 περὶ
687 1701 820 1792 Καρίας
839 1701 883 1788 δ.
1311 1710 1313 1715 ’

310 1817 512 1912 Ἅρμιλος,
543 1818 646 1901 πόλις
669 1820 814 1913 Θρᾴκης,
845 1819 891 1904 ὡς
915 1820 1120 1911 Θουκυδίδης
1143 1822 1161 1890 έ
1181 1822 1238 1891 καί
1264 1831 1387 1909 Φαβω-

231 1949 320 2032 ρῖνος
336 1942 370 2010 έν
385 1943 621 2020 παντοδαπαῖς
645 1933 819 2032 ες’Άργιλος
840 1937 861 2030 ἡ
884 1942 971 2033 πρδς
990 1945 1037 2031 τῷ
1056 1936 1223 2031 Στρυμόνι
1243 1947 1386 2032 ποταμῷ

194 2083 219 2123 ιτ
232 2058 345 2139 πόλις.
391 2054 576 2145 ὠνομάσθη
610 2059 648 2127 δέ
680 2059 799 2148 ἐπειδη
834 2056 902 2129 tuo*
936 2064 1074 2151 Θρᾳκῶν
1107 2055 1125 2127 ό
1155 2064 1220 2143 μῦς
1250 2053 1386 2150 δίργιλος

231 2182 392 2261 καλεῖται,
412 2175 626 2246 σκαπτόντων
643 2178 681 2245 δέ
700 2175 747 2259 εἷς
763 2179 801 2246 τό
820 2175 1001 2263 θεμελίους
1016 2179 1276 2263 καταβαλέσθαι
1293 2185 1385 2270 προῦ-

229 2324 288 2377 τος
308 2301 371 2381 μῦς
393 2288 534 2386 ὤφθη”.
570 2296 702 2384 λέγεται
724 2297 762 2366 δέ
780 2298 944 2385 θηλυκῶς.
979 2295 1013 2366 οἱ
1033 2301 1171 2366 πολῖται
1186 2294 1363 2387 Ἀργίλιοι.

304 2409 463 2504 Ἄργος,
492 2412 719 2505 διασημοτάτη
740 2415 844 2497 πόλις
863 2412 1142 2506 Πελοποννησον,
1170 2414 1192 2505 ἥ
1212 2443 1265 2498 τις
1288 2427 1385 2512 tttito-

228 2535 370 2624 ριονικόν
390 2527 499 2603 δίστυ”
525 2536 693 2623 ἐκέκλητο,
724 2535 782 2602 καί
801 2533 1007 2623 Αἰγιάλεια,
1037 2535 1094 2602 καί
1116 2532 1306 2621 ἱππόβοτον
1326 2538 1383 2607 διά

190 2656 267 2724 τοτδ
290 2657 484 2724 Ποσειδιῦνι
511 2655 615 2743 νομην
640 2653 757 2722 ἳππων
785 2649 1050 2743 δποδειχθῆναι,
1083 2646 1155 2722 εἶτα
1171 2648 1285 2724 Ἴασον
1313 2653 1383 2726 άπό

225 2771 337 2842 Ἰάσου
357 2781 418 2843 τοῦ
440 2770 508 2842 κατ’
532 2771 640 2853 ένίους
656 2773 785 2863 πατρὸς
798 2769 892 2854 Ἰοῦς,
916 2774 973 2841 καί
987 2770 1108 2864 δίψιον
1124 2775 1183 2841 διὰ
1199 2775 1260 2864 την
1276 2775 1383 2869 δίψαν

228 2897 294 2961 τῶν
316 2879 458 2960 ὑδάτων.
493 2891 632 2979 δευτέρα
645 2885 766 2982 ’Ἀργος
786 2892 826 2960 τό
846 2889 1098 2982 Ἀμφιλοχικόν.
1134 2891 1226 2982 τρίτη
1253 2899 1381 2966 Θεσσα-

230 3010 305 3092 λίας
327 3007 360 3101 [ἢ
385 3016 441 3081 νῦν
462 3003 655 3099 Λάρισσα]·
679 3007 817 3099 τετάρτη
841 3010 998 3090 Κιλικίας
1019 3006 1039 3099 ἦ
1063 3015 1119 3078 νῦν
1136 3007 1381 3101 Ἀργειόπολις.

227 3129 365 3219 πέμπτη
385 3131 421 3200 ἐν
441 3126 580 3220 Νισόρῳ
600 3133 664 3220 μιᾷ
685 3133 752 3196 τῶν
772 3126 968 3198 Κυκλάδων.
1004 3130 1077 3217 ἕκτη
1100 3131 1184 3198 κατὰ
1204 3134 1381 3222 Τροιζῆνα.

226 3327 428 3338 -n-———

227 3449 255 3502 1.
269 3432 473 3516 Ἀργοντηνός
491 3439 527 3508 Β,
547 3434 741 3518 Ἀργαντῖνος
760 3443 834 3501 libri.
917 3447 945 3502 3.
959 3437 1163 3520 Ἀργεννοῦσσ
1183 3445 1255 3501 libri.
1336 3447 1382 3523 νῆ-

225 3535 293 3606 σος]
312 3526 409 3606 μικρὰ
429 3533 457 3586 in
478 3551 567 3609 marg.
586 3534 654 3592 add.
667 3535 704 3593 V.
783 3537 810 3594 4.
828 3529 976 3612 δροεννδν
996 3536 1031 3593 V.
1053 3536 1134 3613 apud
1153 3537 1289 3611 Thucyd.
1303 3543 1331 3607 8,
1344 3541 1382 3598 3-1

225 3625 299 3682 male
312 3624 407 3682 editur
420 3616 567 3700 Ἀργῖνον.
640 3620 791 3704 ἀργενόεις
803 3629 867 3686 RV.
945 3631 973 3686 5.
986 3620 1131 3704 άργενόῦς
1145 3625 1197 3685 καί
1210 3622 1383 3706 ἀργενόῦσιι

224 3719 259 3776 R.
352 3720 379 3773 6.
393 3709 547 3776 Ἀνωτίων
565 3718 668 3778 fluv.
755 3720 800 3800 τῷ
820 3719 888 3777 add.
909 3720 945 3776 R.
1035 3723 1063 3778 7.
1084 3720 1186 3795 νῆσος,
1208 3725 1287 3798 quod
1306 3726 1383 3784 inR

225 3811 383 3888 suppositis
403 3813 516 3887 punctis
536 3823 665 3880 notatur,
686 3812 804 3870 seclusit
822 3813 862 3871 M.
893 3813 956 3871 uide
976 3811 1053 3868 infru
1074 3812 1113 3869 ad
1133 3832 1158 3868 v.
1179 3811 1351 3886 Μενέλαος.

222 3899 280 3976 μιδ
301 3904 336 3960 R.
436 3907 464 3962 8.
479 3897 624 3980 Ἀργαίου
644 3908 680 3964 R.
777 3910 823 3963 11.
838 3900 1009 3983 Ἀργιλίτης
1028 3905 1093 3971 RV,
1108 3898 1288 3984 Ἀρηύλίτης
1309 3911 1341 3968 Α.

225 4000 271 4054 13.
292 3989 319 4069 ί]
341 4016 366 4052 c.
388 4000 434 4054 18.
455 4019 473 4072 η
494 3998 568 4065 libri,
588 4018 662 4056 corr.
683 3999 730 4055 W.
827 4003 882 4079 Ι15.
904 3993 922 4076 ἡ
943 3993 1030 4066 πόλις
1049 3999 1113 4056 RV.
1211 3994 1246 4055 δέ
1266 4020 1321 4058 out.
1344 4003 1380 4059 V.

224 4092 270 4147 17.
290 4081 431 4164 θηλυκόν
450 4090 485 4147 R.
595 4095 643 4148 20.
665 4088 733 4164 [εἷς]
755 4085 871 4166 νομὴνλ
969 4083 1075 4148 Ἴασον
1095 4091 1122 4147 Χ
1142 4101 1171 4148 et
1189 4091 1321 4151 Eustath.
1342 4094 1380 4152 ad

104 4167 114 4190 '
222 4180 309 4238 Dion.
329 4181 397 4238 Per.
411 4181 477 4248 419,
491 4173 595 4249 Ἴασος
615 4184 689 4242 libri.
710 4183 749 4242 es.
772 4185 855 4240 Hom.
877 4183 936 4242 od.
949 4187 995 4251 18,
1016 4184 1083 4241 246.
1105 4193 1134 4240 et
1153 4183 1243 4242 schol.
1265 4187 1379 4245 ΤουτιΙ.

130 4263 145 4290 ⁸
223 4272 262 4330 ad
281 4273 363 4334 Iliad.
385 4277 417 4341 3,
437 4276 485 4330 75.
602 4278 650 4332 23.
671 4270 690 4352 ἢ
712 4275 766 4332 νῦν
783 4269 940 4352 Λάρισσα
966 4275 1033 4334 add.
1055 4277 1222 4334 Eusiaihius
1243 4279 1262 4338 Ι.
1283 4279 1302 4336 1.

125 4408 128 4420 ,
221 4361 333 4432 Κιλίας
351 4367 387 4423 R.
490 4356 683 4440 Ἀργιόπολις
701 4369 737 4425 R.
