2866 5092
765 245 817 322 60

215 425 349 509 ὁπόσας
369 427 431 517 γάρ
454 420 496 496 άν
515 453 568 509 τις
595 423 773 520 άποκείριη,
802 421 946 518 φύονται
973 419 1078 514 αὖθις
1105 425 1227 518 ἕτεραι.
1272 427 1371 494 κολο-

215 545 333 617 κάσιον
353 549 469 632 μέντοι
485 549 627 615 καλοῦσι
642 548 702 636 τῆν
719 545 822 636 ῥίζαν,
843 547 882 615 τδ
899 544 933 614 δ’
950 531 1188 639 ῦπερπεφυκδς
1201 541 1371 634 κιβώριον,

217 663 300 761 όψιν
322 662 438 755 ἡδεῖαν
460 663 646 749 ἐδωδίμους
667 690 703 732 τε
722 666 783 748 τὰς
805 667 935 756 φλέβας
960 665 1106 756 παρέχον
1126 660 1383 753 Αίγυπτίοις”.Ι

216 787 295 874 περὶ
317 787 355 855 δὲ
376 786 434 855 τδν
450 773 579 853 Νεῖλον
596 779 718 875 φύεται
739 781 861 874 πολλῆ.
896 780 917 874 ῆ
937 786 976 856 δὲ
997 785 1075 873 περὶ
1092 782 1152 854 τόν
1165 785 1280 874 Βῆλον
1296 766 1371 872 ἕλκη

189 901 403 997 εδεραπεύει
433 901 590 972 δυσίατα·
627 904 804 993 τριβομένη
839 904 902 995 γάρ
929 903 1014 974 κατά
1042 904 1102 994 τῆν
1131 895 1227 993 ῥίζαν
1256 901 1372 971 λευκόν

214 1022 420 1094 ἀναδίδωσιν
452 1018 550 1092 ὀπόν.
593 1020 715 1112 τούτῳ,
750 1021 850 1113 φησί,
886 1026 943 1094 καί
971 1021 1141 1114 Ἡρακλῆς
1175 1017 1271 1110 ἰάθη.
1316 1021 1373 1089 καὶ

153 1227 154 1232 ¹
214 1144 357 1214 καλέσαι
377 1141 437 1231 τῆν
458 1139 560 1210 πόλιν
571 1135 683 1231 Ἄκην.
718 1141 758 1210 τό
781 1143 918 1213 ἐθνικδν
933 1140 1077 1223 Ἀκαῖος,
1101 1136 1147 1223 ὡς
1169 1145 1349 1227 Βαρκαῖος.

295 1259 537 1347 ’Λκκαβικδν
557 1266 707 1344 τεῦχος,
730 1258 833 1343 πόλις
853 1262 932 1351 περὶ
948 1261 1010 1343 τάς
1019 1257 1223 1350 Ἡρακλείας
1238 1256 1372 1350 στήλας,

215 1377 257 1472 ῆν
278 1379 411 1451 ἔκτισαν
428 1376 665 1471 Καρχηδόνιοι,
688 1375 734 1460 ὡς
756 1380 893 1470 ἐροῦμεν
915 1378 950 1452 ἐν
970 1385 1019 1471 τηῦ
1040 1381 1119 1470 περὶ
1131 1374 1319 1467 Σαλμύκης.
1352 1373 1370 1446 ό

179 1535 205 1574 ιο
216 1497 358 1589 πολίτης
377 1495 707 1589 Ἀκκαβικοτειχίτης,
731 1495 777 1581 ὦς
798 1497 1066 1592 Γορδιοτειχίτης
1086 1499 1144 1566 καὶ
1166 1493 1372 1582 Χιυλοτειχί-

213 1646 279 1709 της,
303 1614 350 1699 ὡς
371 1614 553 1707 εὑρήσομεν
574 1617 609 1686 ἐν
630 1622 678 1707 τῆ
696 1623 728 1704 γῆ.

295 1734 507 1823 Ἀκμονία,
530 1733 632 1817 πόλις
656 1735 811 1827 Φρυγίας,
835 1733 881 1819 ὥς
896 1734 1117 1826 Ἀλέξανδρος
1138 1730 1157 1806 δ
1180 1731 1371 1822 πολυίστωρ

217 1858 251 1928 ἒν
273 1855 372 1946 τρίτην
389 1857 468 1943 περὶ
486 1854 643 1945 Φρυγίας.
675 1855 787 1925 κτίσαι
808 1855 841 1925 δ’
862 1851 1124 1947 αύτῆνἍκμονα
1139 1853 1371 1935 τόνΜανάιυς.

217 1977 270 2065 [τό
299 1974 450 2063 ἒθνικδν]
476 1971 671 2064 Ἀκμονίτης
701 1976 834 2064 λέγεται
862 1973 933 2046 άπδ
960 1982 1020 2066 τῆς
1041 1971 1204 2061 Ἄκμονος
1231 1978 1370 2064 γενικῆς.

178 2091 400 2180 ιεἈκμόνεια,
423 2090 480 2184 ἄρ’
505 2083 544 2182 ἧς
560 2090 805 2184 Ἀκμονειάτης.
837 2099 936 2164 τοῦτο
954 2097 993 2167 δέ
1008 2122 1070 2182 μοι
1086 2089 1226 2185 είρηται,
1250 2091 1369 2184 ἐπειδῆ

214 2215 257 2284 τά
281 2208 404 2295 είςεῖις
426 2208 496 2282 άπδ
518 2217 577 2301 τῆς
599 2219 639 2281 oo
660 2219 789 2304 γενικῆς
804 2211 960 2304 γίγνεται,
977 2211 1198 2305 Ἀλεξάνδρου
1215 2210 1371 2296 Ἀλεξαν-

214 2329 326 2422 δρεύς,
351 2328 372 2422 ῆ
395 2329 465 2402 άπδ
488 2329 712 2419 ίσοσυλλάβου
732 2337 871 2423 γενικῆς,
893 2331 1052 2420 Ἀπάμας
1068 2329 1240 2420 Ἀπαμεύς
1256 2329 1372 2422 Ὑρίας

212 2448 352 2542 Ὑριεύς.
396 2448 467 2520 ἔστι
493 2452 551 2519 καὶ
572 2447 689 2542 [Allo]
712 2448 889 2537 Ἀκμόνιον
911 2448 1015 2536 ι’ίλσος
1035 2455 1114 2544 περί
1138 2448 1370 2542 Θερμώδοντα,

216 2573 262 2654 ὡς
281 2566 476 2662 Φερεκύδης,
499 2567 551 2661 ἐφ’
574 2561 615 2640 οῦ
634 2571 742 2659 μιγεὶς
754 2565 856 2664 ’Άρης
871 2577 914 2664 τῆ
929 2570 1091 2666 Ἁρμονίᾳ
1106 2572 1167 2654 τάς
1183 2569 1372 2658 Ἀμαζόνας

183 2741 187 2750 .
217 2745 416 2760 -------·

215 2845 242 2896 1.
263 2832 364 2896 ὁπόσα
384 2839 448 2895 RV.
566 2844 592 2896 1.
610 2842 638 2896 2.
659 2831 822 2896 κολοσοίίον
840 2839 921 2914 libri,
947 2843 1071 2899 correxit
1091 2841 1294 2900 casaubonus.

215 2936 243 2989 3.
264 2926 369 3006 ῆδεῖαν
389 2931 557 3000 Salmasius,
578 2927 660 2988 ἰδίαν
680 2932 754 2990 libri.
849 2928 1021 3008 δδωσίμους
1041 2932 1083 2992 Π.
1181 2929 1317 3011 παρέχον
1335 2935 1372 3010 R,

214 3018 357 3100 ταρίχων
369 3023 429 3080 AV.
509 3024 537 3079 4.
552 3019 637 3099 παρὰ
652 3044 704 3103 pro
719 3021 785 3100 περί
800 3026 835 3083 R.
903 3021 990 3103 παρδ
1003 3017 1057 3105 ρτο
1072 3024 1140 3105 περί
1153 3028 1189 3086 R.
1269 3031 1298 3087 5.
1311 3046 1371 3104 τρι·

213 3110 345 3192 βόμενος
362 3111 421 3192 γὰρ
442 3115 529 3182 PRV,
548 3111 714 3194 τριβομίνη
735 3112 768 3174 δὲ
788 3118 821 3174 A.
905 3115 985 3175 κατὰ
1004 3120 1043 3188 Μ,
1062 3115 1142 3194 μετδ
1161 3119 1236 3178 libii.
1314 3113 1373 3195 τὴν

215 3201 301 3286 ῥίζαν
319 3208 406 3290 Pul,
426 3209 482 3284 τῆς
502 3200 585 3285 ῥίζης
603 3211 637 3267 A.
716 3214 744 3267 6.
766 3206 816 3266 καί
837 3210 905 3267 add.
919 3210 983 3269 RV.
1061 3215 1090 3270 7.
1110 3204 1191 3270 πόαν
1209 3232 1263 3291 pro
1284 3205 1373 3270 πόλιν

215 3303 250 3360 R.
323 3293 434 3377 ’Άλκην
446 3301 511 3359 RV.
591 3307 618 3362 8.
635 3296 821 3380 Ἡρακλείας
839 3304 904 3372 RV,
919 3298 1123 3376 Ἡρακλείους
1138 3309 1172 3362 A.
1250 3309 1280 3366 9.
1294 3302 1371 3362 Σαλ-

214 3387 314 3471 μύκης
333 3395 368 3462 Β,
395 3385 545 3470 Σαλμύηκ
563 3393 640 3464 liv,
666 3385 820 3470 Σαλμύιον
838 3398 873 3464 R,
899 3389 1047 3474 Σαλμύης
1066 3399 1099 3456 A.
1120 3399 1187 3456 sort.
1208 3389 1371 3474 Σάλμυκα,

215 3497 245 3544 ut
266 3509 289 3544 ε.
311 3506 336 3544 τ.
360 3484 467 3564 Τρίτη.
551 3492 598 3546 11.
619 3480 779 3565 είρήσομεν
800 3489 902 3564 (voluit
922 3485 1062 3566 ἐροῦμεν)
1084 3491 1253 3549 Salmasius.
1274 3491 1371 3548 malim

214 3573 378 3658 εἰρήσεται.
495 3585 541 3639 13.
562 3573 704 3640 Mulsum?
723 3593 789 3661 post
808 3577 947 3651 Μανίας
971 3585 1000 3640 in
1021 3584 1100 3641 libris
1121 3591 1280 3659 sequuntur
1299 3582 1373 3641 haec

214 3667 279 3731 ilus
304 3668 355 3729 καί
380 3662 454 3746 άλλο
473 3666 634 3748 Ἀκμδνιον
654 3667 831 3752 (Ἀκμοίνιον
850 3673 890 3750 R)
917 3668 1090 3751 λεγόμενον,
1117 3670 1158 3744 ὡς
1185 3667 1371 3751 Φερεκύδης,

216 3783 336 3843 quorum
363 3763 459 3842 priora
487 3774 585 3845 utpote
612 3787 648 3825 ex
673 3769 855 3826 inferioribus
876 3769 999 3846 repetita
1020 3769 1126 3838 delevi,
1151 3779 1248 3826 cetera
1275 3777 1372 3827 autem

215 3851 257 3925 ὡς
279 3850 455 3934 Φερεκύδης
476 3862 640 3937 transposui
660 3871 727 3938 post
749 3853 969 3939 Θερμώδοντα.
990 3854 1141 3920 οί.ἐο11ο1.
1163 3860 1258 3939 Apoll.
1273 3861 1330 3920 Rh.
1344 3868 1373 3931 2,

214 3955 286 4011 992:
310 3939 469 4022 Ἀκμόνιον
494 3946 528 4008 δὲ
553 3942 648 4019 ἄλσος
667 3950 831 4031 Εἰρηναῖος
854 3947 910 4025 μὲν
939 3946 1081 4027 οὐδαμοῦ
1106 3945 1260 4031 ἐδήλωσεν
1285 3943 1370 4022 εἶναι,

218 4034 395 4118 Φερεκύδης
415 4038 449 4100 δὲ
468 4039 501 4101 ἓν
522 4038 725 4119 Θερμώδοντί
742 4064 838 4125 φησιν
857 4037 941 4103 είναι.
1028 4050 1075 4106 15.
1090 4039 1237 4122 Ἀκμόνια
1258 4048 1333 4105 lihn'.

217 4139 264 4194 16.
284 4131 443 4212 γίγνεσθαι
464 4133 566 4194 fluv,
697 4132 899 4216 Ἀλεξάνδρου
919 4139 955 4207 Β,
979 4135 1179 4217 Ἀλίξανδρος
1199 4140 1274 4198 libri.

204 4221 539 4305 Ἰ16.17.Ἀλε“ςίίνδρεια
551 4227 653 4288 HRV.
723 4237 769 4291 17.
784 4224 1002 4306 Ἀπαμάςλλλί,
1015 4225 1202 4306 ἈπαριῦςΔ.
1263 4224 1374 4309 Ὗριάς

216 4320 280 4390 RV,
295 4315 403 4392 Ὑριᾶς
422 4322 456 4378 A.
536 4326 582 4381 18.
604 4314 678 4380 ἄλλο
699 4325 816 4382 seclusit
834 4326 875 4382 M.
947 4317 1115 4399 Ἀκμιόνιον
1132 4327 1169 4384 R.
1249 4329 1296 4385 19.
1316 4317 1371 4403 ἀφ’

198 4396 254 4472 ,οὗ
273 4414 337 4471 RV.
454 4414 493 4493 τῇ
507 4408 654 4499 Ἁρμονίη
673 4411 731 4485 τὰς
742 4410 913 4492 Ἀμαζόνας
931 4419 969 4490 Χ,
993 4414 1049 4487 τδς
1066 4412 1232 4499 Ἁρμονίας
1251 4419 1327 4477 libri.
1402 4487 1405 4494 ¹
