2894 5062
663 241 737 315 309

208 417 429 505 Θεμισσύς,
453 420 556 501 πόλις
578 420 725 508 Καρίας,
749 418 789 512 ἢν
811 421 918 493 ἔκτισε
941 423 1070 506 Δάδας.
1116 421 1186 492 ἀπὸ
1213 431 1279 506 Θε-

112 544 240 624 μισσοῦ
262 535 399 618 παιδός,
422 532 459 607 ὃν
483 536 578 606 λύκοι
601 538 829 628 διεχρήσαντο,
870 537 888 610 5
913 541 1054 630 πολίτης
1080 539 1277 627 Θεμιοσεύς.

204 653 474 742 Θεμισώνιον,
489 654 785 747 χωρίονδιρυγίας.
809 657 1053 752 Ἀρτεμίδωρος
1067 662 1101 730 ἐν
1118 658 1275 750 ἐπιτομῇ.

113 778 154 844 τό
181 775 319 844 ἐθνικόν
344 772 561 859 Θεμισώνιος.

204 893 345 974 Θεναί,
368 892 469 975 πόλις
493 890 634 982 Κρήτης.
672 896 760 976 τινὲς
782 898 820 966 δὲ
841 893 1031 988 Ἀρκαδίας.
1069 895 1103 964 ολ
1124 898 1162 966 δὲ
1185 871 1275 986 ύρος.

114 1012 155 1080 τό
179 1012 317 1080 ἒθνικδν
342 1016 483 1092 Θεναῖος
504 1014 561 1080 καὶ
584 1013 711 1082 Θεναία
733 1016 788 1082 καί
814 1020 938 1098 Θενεῖς.

203 1128 426 1210 Θεαδοσία,
459 1132 606 1222 Ταυρική
635 1129 736 1214 πόλις
763 1133 928 1225 παραλία.
970 1131 1129 1225 Στράβων
1151 1129 1190 1216 ζ.
1234 1132 1274 1201 τό

116 1249 256 1317 ἐθνικύν
279 1247 508 1330 Θεαδοσιανύς
534 1251 591 1319 καί
615 1249 828 1333 Θευδοσιεύς.

204 1365 452 1450 Θεούπολις,
476 1364 495 1457 ἦ
512 1367 650 1458 μεγίστη
665 1374 724 1458 τῆς
741 1370 784 1438 ἕω
798 1368 909 1451 πόλις,
932 1370 1004 1460 ἥτις
1019 1371 1057 1452 ἐξ
1070 1367 1274 1454 Ἀντιοχείας

112 1486 198 1571 μετὰ
225 1487 285 1555 τόν
314 1487 453 1572 σεισμόν
480 1483 666 1577 ὠνομάσθη
694 1485 765 1556 ἆπό
792 1487 1040 1559 Ἰουστινιανοῦ.
1086 1485 1105 1558 5
1133 1489 1275 1578 πολίτης
1289 1517 1313 1555 ιιι

116 1605 357 1694 Θεοαπολίτης.
402 1604 474 1675 ἔστι
499 1608 555 1674 καί
578 1607 613 1674 ἕν
632 1603 800 1696 Αἰγύπτῳ
827 1606 1046 1686 Θεόπολις.
1091 1604 1111 1674 5
1134 1606 1275 1696 πολίτης

115 1723 253 1812 ὁμοίως.

203 1841 430 1932 Θεράπναι,
454 1841 556 1924 πόλις
571 1840 766 1931 Λακωνική,
790 1843 830 1933 ἥν
846 1869 936 1924 τινες
951 1839 1140 1932 Σπάρτην
1158 1842 1274 1934 φασίν.

113 1961 186 2033 ἔστι
214 1961 270 2030 καί
298 1957 406 2040 τόπος
433 1958 515 2044 ἐήηων
543 1963 624 2030 ναόν
652 1968 717 2030 τῶν
747 1959 979 2050 Διοσκούρων,
1011 1960 1071 2030 διὰ
1099 1961 1138 2029 τό
1166 1962 1272 2030 ἐκεῖσε

112 2081 251 2162 τούτους
265 2083 447 2164 τιμᾶσθαι.
484 2079 691 2171 θεραπεύειν
713 2082 775 2172 γάρ
790 2087 891 2167 τιμᾶν
909 2079 1063 2169 σημαίνει
1081 2082 1139 2149 καὶ
1156 2077 1174 2149 5
1191 2081 1272 2162 ναδς
1285 2109 1309 2149 ιτ

112 2201 174 2288 τήν
194 2197 311 2279 οὶκίαν,
334 2195 421 2266 ἔνθα
443 2200 523 2268 θεοί
544 2198 806 2290 θεραπεύονται.
844 2203 884 2271 τύ
906 2200 1043 2270 ἐθνικδν
1061 2205 1273 2289 Θεραπναῖος

114 2319 172 2386 καὶ
195 2316 392 2407 Θεραπναία
414 2318 471 2386 καὶ
495 2322 717 2406 Θεραπναῖον.

201 2436 354 2522 Θέρμα,
381 2435 502 2525 χωρίον
525 2438 691 2519 Σικελίας.
736 2437 896 2519 Φίλιστος
916 2438 1027 2528 τρίτην.
1071 2439 1111 2533 τό
1134 2437 1272 2506 ἐθνικδν

116 2561 293 2642 Θερμαῖος.
326 2552 397 2623 ἔστι
417 2558 475 2625 καὶ
499 2555 664 2638 Βιθυνίας
688 2555 802 2646 Θέρμα
823 2558 865 2626 τά
886 2560 947 2642 μὲν
967 2554 1090 2626 Πύθια
1111 2556 1153 2623 τὰ
1175 2556 1214 2623 δὲ
1236 2555 1270 2623 ἐν
1332 2603 1333 2606 ¹

112 2672 255 2765 Προύσῃ
275 2675 436 2760 βασιλικὰ
459 2672 637 2763 λεγόμενα,
658 2675 700 2742 τὰ
723 2677 761 2744 δὲ
783 2673 818 2743 ἐν
839 2672 1089 2764 Καππαδοκίᾳ,
1109 2673 1152 2742 τά
1175 2674 1213 2741 δὲ
1234 2670 1309 2742 ἐντι
1396 2675 1403 2686 ’

112 2793 233 2885 Συρίᾳ,
256 2794 298 2861 τὰ
321 2797 359 2863 δὲ
381 2791 603 2883 Δορυλαείον.
647 2791 680 2860 οἳ
702 2791 868 2875 οἰκοῦντες
893 2790 1068 2882 Θερμηνοί.

201 2911 350 3002 Θέρμη,
382 2909 484 2994 πόλις
515 2909 657 3004 Θρᾴκης.
695 2908 955 3005 Ἀπολλόδωρος
984 2914 1022 2983 δὲ
1052 2909 1270 2992 Μακεδονίας

112 3263 141 3318 2.
161 3249 365 3336 διεχρήσαντο
385 3257 422 3325 Χ,
447 3251 665 3335 διεχωρίσαντο
686 3257 761 3314 iibri.
859 3260 888 3316 5.
912 3252 1009 3314 Θεναί
1028 3256 1063 3321 Η,
1091 3247 1184 3309 Θέναι
1205 3231 1269 3319 RV,

113 3363 226 3426 Θίνναι
246 3372 280 3425 Α.
372 3372 400 3424 6.
423 3361 570 3434 Θενναῖος
589 3363 640 3424 καί
663 3361 797 3424 Θινναία
817 3368 892 3424 libri.
982 3339 1073 3431 Θενίς
1092 3363 1127 3428 R,
1149 3357 1270 3427 Θεννεῖς

110 3461 174 3517 AV.
252 3464 281 3519 7.
295 3455 450 3517 Θιοδοσίιι
470 3478 524 3537 pro
546 3453 703 3517 Θεαδοσία
724 3469 753 3517 et
773 3462 815 3518 sic
834 3480 921 3538 porro
940 3460 976 3526 B,
996 3457 1090 3514 malim
1114 3450 1269 3514 Θεοδοσία

110 3542 131 3626 5
156 3546 314 3610 Θεσδοσία
336 3572 399 3610 cuin
421 3553 457 3610 Η.
560 3544 599 3624 ζ’]
620 3571 650 3628 Ρ·
671 3555 738 3610 309.
760 3554 807 3610 uhi
830 3547 994 3610 Θεοδοσία.
1104 3555 1149 3604 10.
1169 3540 1250 3604 ύπδλ

112 3649 220 3703 10.11.
241 3638 257 3702 5
283 3641 467 3720 πολίτης-
488 3637 639 3710 Θεόπσλις
663 3644 732 3702 add.
753 3647 789 3704 R.
917 3649 962 3702 11.
983 3635 1156 3708 Θεαύνιολις
1181 3641 1228 3697 W.

114 3742 161 3795 13.
179 3729 337 3812 Θεράπναι
357 3738 411 3818 Pp,
434 3732 594 3814 Θίραμναι
613 3738 702 3795 ARV.
722 3738 846 3795 sortasse
866 3739 951 3794 ambo
972 3734 1186 3809 coniungenda:
1214 3729 1268 3791 Θε·

111 3821 229 3906 ράμναι
254 3820 272 3903 5
302 3823 472 3902 Θεράπναι.
498 3840 575 3888 cerie
600 3830 803 3888 'I'iieramne
831 3829 995 3906 agnoscitur
1018 3827 1103 3884 etiam
1133 3845 1149 3882 a
1174 3825 1267 3884 Plinio

112 3922 184 3979 NH.¹
201 3921 236 3989 ⁴1,
261 3925 295 3992 5,
319 3925 347 3980 8.
459 3923 505 3980 14.
531 3916 596 3980 ίστι
622 3919 675 3980 δίί
791 3926 902 3982 15.16.
929 3919 1021 3993 τιμᾶν
1045 3915 1185 3994 σημαίνει
1215 3916 1267 3976 καί

111 4007 130 4072 5
155 4008 228 4081 ναός
255 4007 311 4090 τήν
337 4010 437 4071 οίκίαν
460 4015 518 4092 Pp,
549 4015 643 4090 τιμᾶν
666 4012 821 4090 σημαίνει,
850 4009 990 4091 σημαίνει
1016 4011 1067 4070 καί
1088 4008 1145 4089 τήν
1170 4009 1269 4070 οἰκίαν

112 4105 203 4164 ARV.
302 4111 349 4164 16.
369 4099 447 4164 ἔνθα
467 4103 536 4165 θεοί
555 4099 783 4183 θεραπεύονται
803 4107 872 4165 αδδ.
892 4107 947 4185 Pp.
1046 4111 1150 4163 1517.
1172 4101 1269 4182 Θερα-

112 4201 221 4267 πναῖος
250 4194 301 4256 καί
329 4194 511 4272 Θεραπναία
540 4197 591 4256 καί
619 4195 815 4275 Θεραπναῖον
845 4199 959 4278 PpRV,
994 4193 1190 4272 Θεραμναῖος
1218 4195 1270 4256 καί

113 4285 300 4367 Θεραμναίοι
320 4287 371 4348 καί
394 4287 591 4368 Θεραμναῖον
612 4298 644 4350 Α.
725 4297 771 4351 18.
796 4289 943 4360 Φίλιστος
963 4293 1001 4360 X,
1023 4287 1176 4358 Φίλιππος
1196 4291 1271 4348 iibri.

65 4405 66 4410 ’
111 4403 161 4457 21.
182 4395 376 4474 Δοραλαείοο
397 4403 436 4470 Μ,
459 4377 638 4475 Λοραλύίοα
658 4404 695 4470 R,
714 4397 893 4476 Δορνλαίοα
914 4402 974 4459 AV.
