2888 5084
746 263 818 335 164

204 446 262 538 ἀφ’
300 437 340 514 οὗ
373 443 391 536 ἡ
428 443 625 534 Βερεκυντία
660 441 762 533 χώρα.
818 445 875 513 καί
911 447 950 515 τό
988 444 1125 518 ἔδνικόν
1161 448 1362 540 Βερεκόνται

205 563 402 658 ὁμοφώνως.

291 689 506 772 Βερενῖκαι
528 680 648 763 πόλεις
664 681 710 763 ἕξ.
743 676 859 771 πριότη
881 678 1074 773 [Ἠπείρου]
1097 682 1117 774 ἡ
1138 681 1206 756 όπό
1224 685 1363 780 Πύρρου

205 810 266 874 τοῦ
297 803 457 893 νεωτέρου
488 807 676 870 κτισθεῖσα.
730 801 869 888 δευτέρα
953 797 1005 891 .ἧ
1038 799 1105 872 ὑπὸ
1142 807 1362 896 Φιλαδέλφου

180 921 434 1010 εΠτολεμαίου.
464 921 556 1012 τρίτη
579 918 614 989 ἐν
633 925 677 1011 τῇ
695 921 960 1010 Τρωγλοδυτικῇ.
993 919 1131 1013 τετάρτη
1153 920 1173 1013 ἡ
1197 923 1363 1017 πρότερον

205 1043 302 1125 Χίος.
336 1043 472 1129 πέμπτη
494 1039 529 1109 ἐν
543 1039 694 1130 Κιλικίᾳ.
729 1038 803 1128 ἕκτη
818 1036 954 1128 Λιβόης
975 1037 994 1129 ἡ
1019 1039 1182 1129 πρότερον
1193 1038 1361 1136 Ἑσπερίς,

205 1161 333 1252 ἐκλήθη
356 1161 394 1229 δὲ
412 1157 569 1250 Βερενίκη
591 1154 663 1228 άπδ
685 1163 745 1246 τῆς
766 1157 982 1242 Πτολεμαίου
1003 1159 1159 1247 γυναικός
1176 1164 1361 1254 Βερενίκης.

206 1278 224 1350 ό
248 1278 388 1364 πολίτης
410 1275 615 1367 Βερενικεός.
651 1275 786 1366 εόρηται
808 1279 865 1345 καί
885 1277 1091 1365 Βερενίκεια.
1129 1281 1282 1369 λέγονται
1304 1285 1362 1354 καὶ

204 1402 466 1487 πατρωνυμικιδς
489 1394 738 1486 Βερενικιάδαι.
781 1392 852 1463 ἔστι
874 1395 931 1462 καί
952 1388 1037 1487 άλλη
1060 1400 1138 1487 περί
1159 1398 1299 1490 Συρίαν,
1320 1397 1361 1493 ἢν

164 1547 191 1588 ιο
203 1520 340 1588 Πέλλαν
365 1520 518 1586 καλοῦσι.

287 1635 477 1727 Βερενικί
483 1638 503 1704 δ
510 1663 569 1719 αι,
594 1639 699 1726 δῆμος
718 1638 777 1724 τῆς
791 1635 1027 1719 Πτολεμαΐδος
1043 1639 1162 1727 φυλῆς.
1196 1640 1278 1708 δίκα
1294 1642 1358 1733 γάρ

202 1757 312 1848 φυλάς
342 1755 471 1841 ἔχοντες
498 1751 678 1846 Ἀθηναῖοι
708 1753 925 1843 προσέθεσαν
955 1753 1032 1838 δόο,
1063 1753 1272 1845 Ἀντιγονίδα
1302 1764 1361 1831 καί

201 1871 424 1965 Δημητριάδα
442 1876 629 1955 καλοῦντες,
652 1871 788 1960 ὕστερον
805 1874 843 1942 δὲ
857 1870 1038 1942 Ἀτταλίδα
1056 1876 1112 1944 καί
1125 1876 1357 1962 Πτολεμαίδα,

145 2083 155 2094 ·
201 1995 260 2064 διά
288 1998 354 2062 τῶν
381 1991 564 2078 ἐπωνύμων
594 1989 865 2082 εὐεργετηθέντες
890 1993 1069 2078 βασιλέων.
1115 1993 1199 2064 ὅθεν
1220 1997 1277 2065 καί
1297 1998 1357 2088 τήν

161 2137 187 2176 15
199 2114 326 2204 βουλήν
353 2111 582 2182 πεντακοσίων
610 2105 713 2180 οὖσαν
739 2109 920 2192 ἑξακοσίων
942 2110 1119 2202 ἐποίησαν·
1151 2111 1271 2204 ἑκάστη
1293 2118 1355 2208 γάρ

200 2233 289 2324 φυλή
312 2229 517 2322 πεντήκοντα
539 2225 638 2316 εἶχεν,
667 2225 705 2297 οἳ
727 2230 812 2298 κατά
832 2235 922 2320 μῆνα
944 2228 1177 2320 ἕπρυτάνευοι.
1223 2232 1294 2306 άπδ
1317 2239 1356 2309 δὲ

198 2348 374 2441 Βερενίκης
394 2356 455 2442 τῆς
470 2349 577 2440 Μάγα
593 2347 771 2439 θυγατρός,
794 2349 950 2437 γυναικός
971 2351 1009 2420 δὲ
1022 2353 1248 2438 Πτολεμαίου,
1270 2353 1355 2428 τόνο-

196 2469 381 2560 μάσθησαν
405 2467 617 2560 Βερενικίδαι
644 2465 678 2537 ολ
706 2463 860 2558 δημόται.
904 2468 960 2540 καί
986 2463 1074 2540 άλλα
1101 2474 1163 2562 γάρ
1193 2472 1354 2569 ἐξηνέχθη

197 2594 469 2680 πατρωνυμικάίς.
506 2587 705 2658 Αίθαλίδαι
725 2587 788 2677 γάρ
810 2589 866 2655 καί
887 2587 1071 2659 Βουτάδαι.
1115 2593 1158 2660 τά
1179 2592 1227 2676 είς
1246 2594 1354 2668 τόπον

158 2707 246 2789 νοτίς
268 2711 489 2798 Βερενικιδῶν
511 2733 608 2799 φασι,
629 2708 671 2776 τά
693 2703 726 2774 δ’
750 2707 785 2774 ἐν
806 2704 903 2796 τόπηι
925 2707 959 2776 ἐν
982 2716 1214 2801 Βερενικιδιῖιν.

283 2829 425 2918 Βέρεξ,
448 2826 551 2907 ἔθνος
570 2825 695 2913 μεταξὺ
713 2823 833 2906 Ἰνδίας
854 2828 910 2894 καί
931 2825 1146 2916 Αἰθιοπίας,
1175 2830 1222 2916 ὥς
1247 2845 1352 2923 Τιμο-

195 2946 315 3038 κράτης
338 2942 649 3034 όἍδραμυττηνός.

281 3067 425 3158 Βίρης,
454 3061 556 3145 πόλις
587 3059 732 3154 Θρᾴκης,
763 3059 833 3133 άπὸ
861 3064 1009 3154 Βὲρητος
1037 3067 1111 3139 υίοῦ
1138 3072 1351 3157 Μακεδόνος.

195 3187 234 3256 τό
257 3187 395 3257 ἕθνικόν
421 3181 583 3275 Βερήσιος
609 3179 655 3264 ὡς
679 3179 1117 3276 ΦαγρήσισςἈδρυμήσιος.

156 3335 182 3374 τε
279 3307 449 3395 Βίροια,
478 3299 580 3382 πόλις
606 3299 837 3384 Μακεδονίας,
866 3297 907 3395 ἢν
932 3306 1070 3397 Φέρωνα
1097 3306 1208 3378 κτίσαι
1236 3313 1349 3402 φασίν,

193 3497 395 3507 -ι-η--ι

193 3599 221 3652 3.
243 3587 269 3662 ς’
289 3596 330 3662 R,
358 3587 390 3668 β’
411 3595 447 3651 V.
561 3587 709 3671 Ἠπείρου
738 3594 807 3651 add.
833 3595 1020 3657 {Gronovium
1138 3594 1157 3677 ἡ
1184 3601 1252 3660 εδδ.
1273 3601 1348 3664 HR.

192 3681 291 3762 πόρου
317 3687 354 3744 V.
451 3689 479 3746 4.
507 3687 630 3745 indicavi
655 3688 798 3745 lacunam.
896 3695 923 3748 6.
949 3687 1023 3760 Τίος
1047 3693 1095 3751 W.
1127 3694 1230 3752 Chium
1251 3696 1348 3757 dicere

193 3779 305 3836 videtur
323 3782 539 3859 Aegyptiacam.
616 3773 745 3856 Λιβόης
764 3780 833 3840 add.
845 3781 949 3842 HRV..
1027 3793 1055 3845 9.
1067 3785 1289 3862 πατρωνυμικιλ
1311 3793 1347 3850 R.

191 3867 409 3948 Βερενικιάδης
418 3874 454 3942 V,
467 3867 695 3946 Βερενικειάδαι
706 3875 742 3931 R.
823 3879 867 3932 16.
880 3874 1003 3954 φυλακὴ
1017 3879 1053 3936 V.
1119 3875 1153 3936 δὲ
1166 3880 1346 3942 adelRV.

192 3969 237 4023 17.
249 3960 343 4041 Μέγα
358 3964 440 4042 PpV.
520 3970 567 4024 19.
581 3966 825 4040 πατρωνυμικιός
839 3969 875 4036 V,
894 3967 1116 4045 πατρωνυμικὰ
1130 3975 1190 4030 AR.
1270 3974 1347 4034 Bov-

189 4051 282 4116 τάδαι
302 4057 338 4124 X,
358 4050 531 4114 Βουτιάδαι
552 4059 626 4116 libri.
705 4063 752 4117 19.
764 4057 806 4127 είς
825 4056 881 4118 τόν
900 4053 995 4119 τόπον
1008 4061 1052 4122 Π.
1131 4071 1178 4124 21.
1195 4061 1292 4145 Βίρεξ
1310 4089 1346 4128 ex

188 4146 329 4226 Βίχειρες
353 4159 517 4226 corruptum
544 4151 656 4209 videtur
675 4148 789 4219 vossio,
811 4154 888 4228 quod
906 4173 1006 4232 parum
1028 4158 1166 4218 credibile
1187 4170 1241 4218 est.
1267 4161 1346 4240 apud
1369 4225 1372 4234 ,

189 4242 369 4318 Theognost.
383 4261 412 4319 p.
424 4241 510 4307 40,7.
531 4241 635 4318 legitur
654 4238 771 4319 Βίβρεξ
791 4237 903 4314 ἔθνους
922 4240 1029 4322 ὄνομα,
1052 4251 1131 4326 quod
1151 4251 1275 4311 sortasse
1291 4249 1344 4311 Βί-

188 4333 239 4412 ρεξ
259 4334 450 4393 scribendum.
533 4337 580 4392 22.
596 4327 846 4412 Ἀδραμυττηυός
865 4340 927 4409 RV,
942 4333 1175 4419 Ἀδραμυτηνός
1195 4349 1228 4402 Α.
