2902 5084
616 271 691 348 249

74 449 229 542 λόδωρος
250 451 289 521 δέ
310 447 345 521 ἀν
367 446 390 518 ά
411 451 490 541 περί
508 454 602 521 θεῶν
615 452 674 522 τδν
688 454 894 522 Δωδωναῖον
914 450 1019 534 οὕτως
1040 451 1235 542 έτυμολογεῖ

73 567 261 666 αναδάπερ
283 565 317 637 οῖ
337 569 397 638 τδν
419 566 490 636 Δία
512 571 718 639 Δωδωναῖον
737 571 799 656 μέν
819 571 996 651 καλοῦντες
1019 567 1072 639 ὅτι
1093 566 1233 639 δίδωσιν

71 686 152 780 ἡμῖν
178 688 221 756 τά
250 684 383 776 ἀγαθά,
411 688 626 776 Πελασγικὸν
655 691 694 759 δὲ
721 686 774 758 ὅτι
799 693 860 779 τῆς
884 693 944 778 γῆς
970 687 1079 768 πέλας
1105 683 1230 756 έστίν”.

72 806 146 879 ἔστι
172 807 232 875 καὶ
258 807 466 874 Δωδωναῖον
492 804 630 890 χαλκίον
655 805 823 897 παροιμία
850 803 1001 876 ἐπὶτῶν
1029 806 1142 876 πολλά
1170 808 1231 874 λα-

72 923 236 1004 λούντων,
268 916 315 1001 αῖς
339 922 401 1005 μέν
429 917 448 991 ὁ
478 920 604 1013 Δήμων
632 923 734 1015 φησίν
762 921 857 1018 αἀπὸ
884 928 946 993 τοῦ
973 924 1033 992 τὸν
1060 925 1143 993 ναὸν
1169 927 1256 993 τοῦτ

75 1036 285 1113 Δωδωναίου
306 1038 394 1121 Διδς
414 1038 545 1126 τοίχους
565 1041 611 1132 μή
634 1040 765 1128 ἔχοντα,
788 1038 876 1111 ἀλλά
896 1039 1061 1129 τρίποδας
1081 1041 1231 1123 πολλούς

72 1157 229 1250 ἀλλήλων
261 1156 419 1247 πλησίον,
455 1158 541 1229 ὥστε
572 1161 631 1230 τὸν
666 1158 740 1242 ἑνδς
761 1156 959 1260 ,ἀπτόμενον
988 1160 1231 1250 παραπέμπειν

73 1280 134 1348 διά
162 1281 223 1367 τῆς
252 1274 414 1370 ψαύσεως
441 1278 502 1367 τήν
530 1275 690 1368 ἀπήχησιν
717 1275 859 1368 ἑκάστῳ,
888 1279 945 1347 καί
973 1279 1144 1365 διαμένειν
1171 1263 1231 1349 τδν

71 1390 153 1486 ήχον
175 1390 269 1486 ἀχρις
291 1389 332 1463 ἀν
358 1421 411 1476 τις
436 1401 497 1465 τοῦ
526 1393 601 1476 ἑνὸς
628 1393 841 1491 ἀφάψηται”.
883 1394 1095 1488 ἡπαροιμία
1123 1399 1162 1468 δέ
1189 1391 1231 1467 ού

73 1538 177 1605 φησιν
197 1509 229 1581 εί
248 1515 294 1601 μή
314 1511 452 1598 χαλκίον
475 1512 518 1596 έν,
542 1510 614 1582 ἀλλ’
631 1510 672 1582 ού
694 1513 835 1602 λέβητας
852 1510 1053 1604 ἢτρίποδας
1068 1511 1228 1596 πολλούς.
1241 1550 1268 1590 ω

71 1633 285 1723 προσθετέον
310 1625 368 1701 σύν
386 1636 444 1722 τῷ
470 1637 652 1723 περιηγητῇ
679 1633 862 1718 Πολέμωνι
889 1629 1035 1722 ἀκριβῶς
1063 1632 1123 1721 τήν
1149 1639 1230 1702 Δω-

72 1745 180 1839 διύιην
201 1749 424 1840 ἐπισταμένῳ.
459 1751 517 1820 καί
539 1748 726 1842 Ἀριστείδῃ
747 1749 790 1819 τά
812 1746 933 1818 τούτου
951 1749 1229 1840 μεταγεγραψάτι,

73 1867 204 1957 λέγοντι
230 1869 315 1938 κατὰ
341 1865 453 1957 τήνβ
480 1869 539 1962 κέν
559 1873 601 1962 τῇ
623 1865 775 1960 Δωδώνῃ
796 1869 912 1937 στῦλοι
935 1862 996 1936 δύο
1017 1865 1231 1960 παράλληλοι

71 1988 128 2056 καί
149 1983 316 2077 πάρεγγυς
338 1983 502 2075 ἀλλήλων.
549 1989 607 2057 καί
633 1987 692 2057 έπί
717 1986 779 2070 μέν
806 1987 955 2076 θατέρου
978 1975 1115 2070 χαλκίον
1141 1987 1230 2057 ἐστίν

73 2099 113 2172 ού
133 2105 221 2192 μέγα
241 2109 312 2185 τοῖς
334 2105 373 2176 δέ
399 2111 457 2174 νῦν
483 2101 723 2196 παραπλήσιον
751 2106 900 2195 λέβησιν,
928 2102 988 2173 έπί
1013 2104 1052 2174 δέ
1078 2106 1228 2192 θατέρου
1240 2133 1266 2174 ιε

73 2220 259 2314 παιδάριον
280 2224 315 2294 έν
335 2227 378 2314 τῇ
401 2223 498 2314 δεξιᾷ
511 2225 598 2313 χειρί
611 2221 787 2311 μαστίγιον
801 2221 885 2309 ἕχον,
908 2214 949 2293 οὗ
963 2225 1047 2293 κατά
1061 2226 1100 2294 τδ
1116 2224 1228 2306 δεξιάν

71 2342 173 2432 μέρος
202 2337 221 2410 ὁ
248 2343 288 2412 τδ
316 2319 472 2433 λεβήτιον
498 2339 580 2428 ἔχων
609 2340 689 2411 κίων
719 2341 862 2431 έστηνιεν.
906 2339 986 2412 ὅταν
1016 2335 1075 2411 ούν
1105 2335 1228 2428 ἀνεμαν

72 2463 183 2551 συμβῇ
203 2465 309 2542 πνεῖν,
329 2459 409 2542 τούς
428 2464 488 2550 τῆς
502 2457 663 2548 μάστιγας
679 2457 817 2547 ῖμάντας
829 2462 972 2544 χαλκοῦς
987 2453 1085 2541 ύντας
1101 2455 1228 2546 ὁμοίως

71 2583 142 2656 τοῖς
164 2572 342 2664 ἀληθινοῖς
363 2575 490 2662 ἱμᾶσιν
501 2575 745 2667 αἰωρουμένους
764 2573 834 2646 ύπδ
848 2583 909 2646 τοῦ
922 2575 1112 2663 πνεύματος
1132 2577 1228 2646 συνέ-

71 2702 170 2782 βαινε
185 2691 310 2786 ψαύειν
331 2699 392 2764 τοῦ
411 2693 551 2780 χαλκέου
571 2697 628 2764 καὶ
647 2698 747 2764 τοῦτο
770 2691 999 2775 ἀδιαλείπτως
1020 2698 1142 2775 ποιεῖν,
1165 2691 1267 2774 έωςω

70 2809 115 2883 ἀν
142 2808 161 2880 ὁ
191 2806 311 2896 ἀνεμος
333 2809 513 2906 διαμένη”.
561 2813 640 2906 αιιαῖ
667 2814 752 2881 κατὰ
777 2812 839 2896 μέν
862 2837 919 2880 τοι
943 2812 1021 2893 τοδς
1048 2807 1229 2904 ἡμετέρους

72 2927 265 3020 ῂρύνους]υ
301 2932 402 3022 φησίν
435 2927 455 2999 ὁ
488 2937 654 3022 Ταρραῖος
688 2925 733 3024 αή
760 2931 822 3015 μὲν
854 2931 941 3020 λαβή
973 2936 1033 3020 τῆς
1064 2929 1228 3021 μάστιγος

74 3050 345 3138 [διασέσωσται],
376 3046 410 3117 οῖ
438 3049 476 3119 δέ
498 3047 629 3134 ῖμάντες
651 3045 950 3119 ἀποπεπτοίιιασιν.
994 3035 1089 3142 παρά
1110 3051 1228 3135 μέντοι

72 3309 98 3367 5.
118 3305 175 3381 μέν
194 3300 210 3368 ὅ
229 3301 352 3385 Δήμων
369 3308 491 3380 Ρίοεδο,
510 3303 695 3386 με..δήμων
714 3309 747 3366 S.
768 3307 807 3366 εί.
828 3307 918 3366 schol.
940 3308 1026 3366 Hom.
1038 3307 1072 3364 ΙΙ.
1087 3307 1136 3380 16,
1154 3309 1227 3365 233:

70 3394 192 3476 Δήμων
217 3397 312 3480 φησίν
337 3389 384 3459 ὅτι
409 3395 444 3460 τδ
470 3402 527 3460 τοῦ
551 3396 630 3469 Διὸς
652 3403 797 3476 μαντεῖον
820 3397 852 3458 έν
876 3393 1018 3477 Δωδώνη
1043 3391 1169 3473 λέβησιν
1196 3394 1228 3456 έν

71 3483 172 3572 κύκλῳ
196 3489 414 3572 περιείληπται.
442 3483 572 3562 τούτους
591 3490 626 3551 δέ
643 3485 759 3568 ψαύειν
778 3484 930 3567 ἀλλήλους
949 3487 1000 3548 καί
1020 3483 1228 3567 κρουσθέντες

70 3583 127 3641 τοῦ
147 3577 214 3652 ἓνδς
233 3577 317 3661 ἠχεῖν
336 3579 369 3648 έν
389 3579 536 3661 διαδοχῆς
555 3579 684 3654 πάντας,
706 3577 748 3652 οῖς
762 3579 815 3642 διὰ
830 3581 946 3641 πολλοῦ
956 3573 1072 3659 χρόνον
1085 3579 1228 3660 γίνεσθαι

70 3677 126 3754 τῆς
144 3669 222 3752 ήχῆς
241 3673 299 3753 τὴν
317 3672 470 3753 περίοδον.
492 3669 706 3754 Ἀριστοτέλης
729 3669 947 3753 (Ἀριστείδης)
975 3671 1009 3732 δέ
1033 3667 1076 3743 αῖς
1097 3665 1228 3750 πλάσμα

71 3761 232 3843 διελέγχων
252 3760 309 3825 δύο
330 3764 407 3847 φησί
427 3760 559 3837 στύλους
578 3759 668 3837 είναι,
690 3764 740 3825 καὶ
761 3764 809 3826 ln}
828 3764 885 3842 μέν
903 3767 961 3826 τοῦ
979 3761 1084 3845 ἑτέρου
1103 3762 1227 3842 λέβητα,

72 3853 120 3914 ἐπὶ
139 3852 279 3936 θατέρου
301 3855 335 3917 δέ
354 3857 452 3916 παῖδα
472 3861 645 3937 κρατοῦντα
664 3853 816 3937 μάστιγα,
844 3843 882 3937 ἦς
905 3855 979 3928 τούς
1004 3851 1134 3934 ῖμάντας
1154 3859 1227 3934 χαλ-

70 3944 158 4017 κέους
183 3941 275 4017 ὄντας
302 3946 477 4025 σειομένους
501 3943 551 4008 ἀπ’
579 3947 692 4026 ἀνέμου
717 3951 762 4031 τῷ
792 3947 897 4027 λέβητι
926 3944 1142 4027 προσκρούειν,
1172 3945 1228 4010 τδν

70 4035 105 4096 δέ
124 4034 314 4116 τυπτόμενον
332 4035 424 4120 ἧχεῖν.
446 4041 523 4102 adde
537 4044 658 4102 Preller.
679 4045 717 4102 ad
730 4045 841 4104 Polem.
854 4065 884 4123 p.
898 4047 935 4104 59
945 4062 1009 4121 sqq.
1087 4047 1117 4102 6.
1129 4036 1227 4117 έχεινῖ

70 4135 99 4190 9.
122 4123 160 4187 ἀν
178 4151 226 4201 τις
244 4134 277 4202 S,
304 4120 400 4203 αὖθις
419 4135 499 4195 editi.
616 4142 662 4194 10.
678 4128 808 4212 χάλκεον
828 4134 860 4196 έν
884 4129 980 4195 ἀλλον
1002 4131 1135 4211 λέβητας
1159 4143 1227 4192 ante

71 4223 339 4285 montefalconium.
437 4232 484 4287 19.
494 4232 543 4287 20.
564 4227 745 4304 συμβαίνειῖ
832 4235 880 4289 21.
901 4224 967 4301 καί]
986 4230 1041 4284 Aut
1060 4228 1116 4284 hoc
1135 4227 1227 4284 abun·

74 4313 125 4371 dat
145 4326 195 4374 aut
213 4311 271 4390 μέν
290 4320 472 4380 scribendum
492 4341 545 4398 pro
564 4323 679 4397 μέντοι.
766 4328 813 4382 22.
830 4315 964 4400 χρόνους
983 4319 1051 4378 εδδ.
1072 4319 1227 4378 Ρτελλετυε.

70 4411 177 4466 2223.
199 4403 219 4484 ή
239 4406 296 4484 μέν
322 4408 403 4487 λαβὴ
428 4411 484 4487 τῆς
508 4405 658 4490 μάστιγος
684 4410 921 4487 [δἰασέσωσται]
944 4413 988 4480 Μ,
1014 4409 1040 4470 ελ
1065 4407 1122 4486 μέν
1146 4405 1227 4485 λάβη
