2888 5084
757 270 831 344 134

213 451 308 544 κόρη,
341 448 543 547 Τερψιχόρη.
591 453 630 520 τδ
661 449 799 520 ἐθνικδν
820 451 993 541 ’Λσιιραῖος
1016 448 1179 532 Ἡσίοδος
1205 448 1263 518 καί
1291 445 1374 544 «ἀπ’

205 565 429 662 ’Ἅσιιρηδεν”.

291 685 431 772 Ἠσος,
454 688 627 772 πολίχνιον
650 688 793 780 Κρήτης.
840 687 858 758 ὁ
882 687 1023 777 πολίτης
1034 683 1164 766 ’Ἀσιας
1204 685 1291 753 οὕτω
1314 684 1378 775 γὰρ

128 829 131 836 “
216 805 342 890 ὁΖεδς
363 809 431 879 ἐκεῖ
448 813 588 892 τιμᾶται
613 811 694 903 ακαί
710 807 826 878 Ἀσίου
848 811 935 890 Διδς
957 805 1045 896 ίερδν
1067 801 1326 896 ἆρχσιότατον”.

191 950 205 990 ⁵
298 924 614 1010 Ἀσπαλόθεια,
637 925 741 1010 πόλις
767 925 918 1018 Ταφίων.
957 926 1146 1014 Νίκανδρος
1166 922 1380 1014 ἑτεροιουμέ..1

216 1072 281 1114 νων
295 1045 411 1137 πρώτῃ
427 1044 685 1140 ((Ἀσπαλόίλεια
695 1043 895 1137 βοήρυτος”.
922 1045 962 1116 τδ
976 1045 1114 1112 δθνικὸν
1123 1039 1379 1124 Ἀσπαλαέλεός.

297 1161 575 1246 Ἀσπαλαθίς,
599 1169 699 1255 νῆσος
719 1165 865 1246 Λυκίας.
910 1164 1042 1252 λέγεται
1071 1161 1158 1230 υίίτω
1181 1163 1240 1231 διδ
1260 1163 1323 1244 τὰς
1344 1159 1380 1231 ἓν

217 1278 302 1372 αὐτῇ
323 1281 512 1373 πεφυκυίας
534 1279 773 1366 ἀσπαλάθους.
815 1284 855 1352 τό
878 1278 1368 1363 ἐθνικδνἍσπαλαθίδιοςός

222 1399 399 1490 Ψωφίδιος
421 1404 479 1471 καὶ
499 1399 679 1484 Αὐλίδιος,
703 1399 997 1492 ἢἈσπαλαθίτης
1018 1399 1065 1484 ὡς
1087 1399 1281 1491 Μεμφίτης.

180 1551 206 1593 ιυ
250 1525 251 1534 ’
290 1512 535 1604 Ἄσπενδυς,
563 1519 666 1604 πόλις
695 1520 922 1610 Παμφυλίας,
945 1518 1133 1590 Ἀσπένδου
1161 1518 1298 1603 κτίσμα,
1333 1515 1380 1600 ὡς

211 1630 406 1720 Ἑλλάνικος
433 1640 468 1710 ἒν
496 1637 612 1731 πρώτη
636 1639 916 1722 Δευκαλιωνείας.
961 1637 980 1708 ό
1010 1641 1151 1730 πολίτης
1165 1637 1379 1718 Ἀσπένδιος.

220 1750 427 1842 Θεόπομπος
452 1758 591 1851 τετάρτη
614 1755 813 1848 Ἑλληνικῶν
846 1754 1046 1850 «ἀποτυχείν
1077 1761 1115 1829 δὲ
1143 1763 1210 1826 τῶν
1233 1755 1378 1828 Ἀσπεν-

218 1870 336 1941 δίων”.
371 1879 428 1946 καί
460 1880 500 1948 τό
522 1878 670 1967 θηλυκόν
708 1873 852 1959 δαίιτδς
873 1873 1067 1946 Ἀσπενδία.
1117 1877 1174 1944 καί
1201 1872 1380 1957 Ἀσπενδίς

220 1989 449 2086 «Ἀσπενδίδα
471 1992 604 2085 γαῖαν”.

168 2113 205 2180 ἰι
296 2107 457 2197 Ἅσπίς,
480 2111 581 2198 πόλις
601 2109 746 2204 Λιβύης,
770 2109 816 2195 ὡς
840 2111 962 2182 Φίλιον.
1003 2110 1074 2181 ἔστι
1096 2113 1152 2181 καί
1174 2111 1379 2204 ἀκρωτήριον

95 2287 102 2300 .
217 2227 418 2313 Αἰθιοπίας
438 2238 497 2323 τῆς
518 2229 588 2302 κατ’
612 2232 809 2322 Αἴγυπτον,
832 2227 878 2312 ὡς
901 2234 1100 2321 Μαρκιανὸς
1122 2229 1237 2322 πρώτη
1259 2228 1378 2322 περιό-

218 2350 297 2418 δων.
340 2347 412 2420 ἔστι
438 2352 497 2420 καὶ
523 2356 623 2441 νῆσος
644 2351 730 2440 πρὸς
757 2356 831 2430 ταῖς
853 2346 1034 2418 Κυκλάσιν.
1055 2363 1057 2368 ’
1080 2347 1152 2419 ἔστι
1181 2352 1238 2419 καί
1260 2359 1380 2421 Μακε-

219 2466 351 2551 δονίας,
387 2467 508 2554 κτίσμα
540 2468 717 2538 Φιλίππου
743 2473 803 2536 τοῦ
831 2469 959 2559 πατρὸς
986 2469 1144 2560 Περσέως
1173 2472 1234 2551 τὰς
1260 2469 1381 2553 πόλεις

220 2583 450 2674 ὀνομάσαντος
462 2584 533 2658 όπδ
546 2595 605 2679 τῆς
621 2584 724 2656 αὐτοῦ
737 2582 1381 2680 πανοπλίαςἈσπίδαΠερικεφαλαίαν.

180 2702 292 2778 υυέστι
312 2710 370 2777 καί
391 2713 491 2800 νῆσος
512 2709 598 2797 πρὸς
618 2713 661 2798 τῇ
682 2705 808 2798 Λυκίᾳ.
852 2705 923 2776 ἔστι
950 2708 1007 2774 καί
1029 2712 1129 2797 νῆσος
1151 2703 1236 2797 ίίλλη
1256 2712 1382 2793 μεταξὺ

219 2827 380 2911 Λεβέδυυ
401 2829 458 2896 καί
483 2828 573 2908 Τέω,
597 2826 742 2896 σταδίων
765 2821 810 2907 ὡς
832 2828 934 2905 δυοῖν,
958 2823 1044 2914 πρὸς
1064 2824 1126 2908 μέν
1146 2853 1246 2894 τινων
1262 2823 1380 2918 Ἀρκό-
1428 2907 1429 2910 ¹

219 2969 318 3033 νησος
335 2946 421 3033 πρὸς
441 2945 480 3014 δέ
492 2971 591 3012 τινων
607 2942 728 3026 Ἀσπίς
743 2941 983 3031 ὀνομαζομένη.
1019 2940 1090 3011 ἔστι
1105 2945 1161 3012 καλ
1180 2950 1281 3035 νῆσος
1296 2942 1382 3037 όίλλη

224 3059 342 3156 Ψόρων
364 3059 469 3153 ἐγγύς.
513 3060 586 3133 ἔστι
608 3065 665 3131 καί
686 3059 780 3152 δίλλη,
804 3059 850 3144 ὡς
872 3063 991 3132 Κλέων
1012 3056 1255 3152 ὁΣυρακόσιυς
1277 3066 1312 3134 ἐν
1333 3071 1382 3156 τῷ

219 3185 386 3277 περὶτῶν
407 3184 558 3270 λιμένων,
582 3178 741 3272 ι’ίδενδρυς
762 3176 858 3252 οὖσα.
901 3177 974 3250 ἔστι
994 3181 1052 3248 καὶ
1073 3183 1181 3274 πέραν
1193 3182 1312 3275 Πίσης,
1336 3183 1382 3267 ὡς

181 3301 396 3385 πΠανόασις
418 3300 664 3393 ίνἫρακλείας
686 3297 853 3391 ἑνδεκάτη.
886 3300 925 3368 τό
944 3300 1082 3368 έθνικδν
1104 3299 1244 3371 δίναται
1260 3301 1383 3375 ’Λαπι-

221 3593 249 3646 1.
261 3583 372 3667 KQ?
441 3596 505 3650 1.2.
523 3584 754 3669 ἀπ’Ἀσκρῆθεν
764 3592 825 3662 AR,
838 3585 1053 3669 ἀπασκριῆθεν
1064 3592 1100 3648 V.
1112 3602 1178 3649 sunt
1190 3595 1287 3652 nescio
1300 3599 1380 3654 cuius

221 3683 296 3760 epici
310 3693 415 3762 poetae
431 3688 527 3753 verba,
543 3685 739 3763 comparanda
759 3686 807 3742 ina
825 3705 888 3741 cum
902 3687 1018 3742 Homer.
1039 3683 1072 3740 ll.
1092 3674 1137 3751 θ’,
1154 3687 1220 3743 304.
1242 3681 1382 3756 &Atab-

222 3776 333 3850 μηδεν.
355 3775 430 3836 adde
450 3777 521 3835 illud
542 3779 663 3834 Hesiodi
684 3771 745 3836 ἀπὸ
765 3776 891 3854 κρῆθεν.
1008 3777 1036 3834 4.
1057 3769 1074 3834 δ
1092 3795 1148 3834 om.
1164 3779 1228 3836 RV.
1333 3777 1384 3838 καί

214 3859 336 3943 Ἀσίου]
348 3869 487 3926 Xenionis
505 3868 640 3927 similisve
657 3871 805 3948 scriptoris
818 3871 913 3926 verba.
1008 3871 1036 3928 5.
1048 3873 1075 3928 6.
1090 3863 1309 3946 ἓτιριουμένιυν
1319 3875 1382 3930 RV.

222 3963 249 4016 6.
264 3954 450 4038 Ἀσπαλιίθη
470 3965 506 4020 R.
583 3965 611 4019 7.
632 3957 705 4030 τούς
724 3957 815 4020 ἒνΠ.
907 3965 935 4019 8.
952 3967 980 4020 9.
996 3955 1232 4030 Ἀσπαλαθίδος
1251 3957 1293 4030 ὡς
1315 3961 1383 4021 Ψω-

222 4047 314 4130 φίδος
333 4050 384 4109 καί
398 4048 538 4121 Αὐλίδος
549 4054 623 4122 libri,
646 4064 834 4112 correxerunt
852 4054 917 4109 BH.
996 4059 1023 4113 9.
1040 4050 1091 4110 καί
1103 4047 1255 4122 Αὖλίδιος
1271 4073 1327 4112 om.
1340 4051 1382 4113 Π.

221 4149 269 4202 10.
283 4138 451 4214 Ἀσπενδός
471 4147 545 4204 libri.
662 4151 708 4206 11.
730 4142 976 4214 Δευκαλιωνείας
996 4147 1059 4215 RV,
1079 4143 1313 4216 Δευκαλιιυνίας
1329 4149 1364 4205 Α.

223 4241 270 4295 13.
290 4230 307 4295 δ
328 4230 421 4306 αὐτὸς
440 4235 509 4296 HV
528 4248 557 4296 οι
577 4241 626 4316 qui
645 4247 713 4317 post
726 4232 886 4306 Ἀσπενδίς
906 4240 987 4316 ponit
1007 4241 1043 4308 R,
1071 4234 1113 4308 ὡς’
1133 4230 1227 4308 αὐτός
1253 4241 1286 4298 Α.

216 4320 395 4387 Ἀσπίνδεια
414 4350 467 4410 pro
482 4322 646 4390 Ἅσιτενδία
658 4333 695 4390 V.
783 4337 831 4390 23.
843 4325 1036 4410 Συρακόσιος
1048 4335 1083 4403 V,
1105 4326 1383 4412 Συρακούσιοςλλῖ.

222 4421 270 4479 24.
294 4416 420 4499 Πίσσης
439 4423 514 4482 libri.
827 4415 828 4418 '
883 4453 885 4460 ·
1192 4461 1193 4464 =
