2866 5092
771 238 821 308 48

219 423 279 485 τοῦ
300 414 467 505 Εὐρίπου,
497 411 554 504 ἀφ’
585 405 626 482 οὗ
650 411 669 503 ἡ
691 410 848 504 ’Ἀρτεμις
869 414 1046 484 Αίθοπία.
1092 415 1123 484 οἱ
1148 419 1185 486 δέ
1208 417 1262 486 ὅτι
1285 419 1378 506 παρὰ

220 542 290 616 τοῖς
311 533 471 626 Αἰθίοψι
494 530 677 621 διάγουσαν
700 530 876 601 Ἀπόλλων
904 527 1024 622 ἤγαγεν
1047 531 1165 623 αὐτήν,
1195 533 1228 604 oi
1257 538 1297 604 δέ
1320 537 1380 625 την

191 687 194 692 ’
222 649 323 742 αίιτην
345 658 386 742 τῇ
409 650 531 742 σελήνη
554 653 648 742 παρὰ
669 653 708 720 τό
733 650 850 720 αἴθειν
872 649 918 734 ὡς
940 650 1172 737 Καλλίμαχος,
1204 651 1238 721 σί
1266 655 1305 722 δέ
1327 651 1380 722 ότι

222 770 242 862 ἡ
260 767 341 860 αι’πὴ
359 771 429 840 ἐστι
441 769 620 862 τ’ῆἭκότιη,
634 770 708 861 ἥτις
723 768 777 840 ἀεὶ
791 775 898 862 δᾷδας
911 772 1051 854 κατέχει,
1069 768 1114 851 ὡς
1123 768 1379 860 Ἐρατοσθένης.

197 917 209 956 ε
306 886 554 971 Αίθυσσεῐς,
576 887 679 970 ἔθνος
693 893 850 976 Λιβυκόν
867 890 1112 980 Μαρμαρίδαις
1134 889 1310 981 πάροικον,
1335 887 1380 972 ὡς

215 1005 355 1089 Ῥιανός.

304 1124 508 1208 Αἴκαλσν,
528 1125 691 1218 φρούριον
705 1135 765 1217 τῆς
774 1124 926 1210 Ἰταλίας.
956 1125 1139 1208 Διονύσιος
1155 1125 1378 1218 ἑκκαιδεκάτῳ

215 1243 399 1334 Ῥωμαϊκῆς
424 1240 671 1334 ἀρχαιολογίας.

302 1361 504 1445 Ἀίλανον,
542 1360 644 1444 πόλις
671 1361 848 1451 Ἀραβίας,
886 1357 926 1454 ἧς
961 1361 981 1433 ό
1012 1362 1152 1454 πολίτης
1177 1361 1378 1454 Ἀιλανίτης.

185 1519 211 1559 10
223 1485 311 1562 τινές
333 1483 371 1550 δέ
392 1479 521 1550 κόλπον
537 1478 654 1550 Ἀίλαν
676 1482 771 1572 φασί.
807 1488 959 1564 Γλαῦκος
981 1483 1019 1550 δέ
1040 1480 1153 1571 κώμην
1169 1479 1273 1572 αίιτην
1289 1483 1380 1572 λέγει

222 1600 257 1668 έν
279 1598 466 1689 Ἀραβικῶν
493 1599 592 1690 τρίτῳ
625 1602 689 1694 ατὰ
720 1603 806 1689 πρὸς
833 1603 876 1672 έω
904 1608 963 1693 τῆς
988 1600 1104 1682 Ἀίλας
1133 1599 1315 1690 [κώμης]”.
1360 1597 1378 1670 ὁ

222 1719 361 1808 πολίτης
381 1715 581 1808 Ἀιλανίτης.

305 1844 344 1906 Α
352 1836 409 1906 ίλί
416 1865 452 1919 α,
481 1835 584 1918 πόλις
605 1839 849 1929 Παλαιστίνης,
877 1837 897 1930 ἡ
922 1837 1032 1909 πόλαι
1050 1835 1281 1928 Ἱεροσόλυμα,
1307 1835 1377 1908 ἀπὸ

221 1955 350 2024 Αἰλίου
379 1953 568 2046 Ἀδριανοῦ.
613 1954 631 2026 ό
664 1959 805 2047 πολίτης
835 1957 1025 2048 Αἰλιιότης,
1060 1953 1106 2040 ὥς
1136 1952 1380 2043 Κασταλιώτης

185 2073 417 2164 15Ἰταλιώτης.
452 2076 539 2156 τινές
562 2076 599 2144 δέ
622 2078 677 2146 καί
698 2076 835 2160 Αίλιεῖς
857 2076 977 2158 αὐτοὺς
999 2080 1167 2157 καλοῦσιν,
1192 2071 1238 2154 ὡς
1253 2071 1380 2142 Εὐδαί-

220 2221 292 2278 μων
322 2195 357 2262 έν
386 2198 428 2285 τῇ
459 2190 676 2287 ὀρθογραῳίρι
704 2199 762 2265 διὰ
793 2202 852 2286 τῆς
880 2199 914 2265 εἶ
942 2193 1136 2286 διῳθόγγου
1167 2192 1305 2282 γράφων
1337 2193 1375 2260 τό

220 2310 369 2392 Αὶλεια,
399 2315 457 2381 καὶ
482 2314 522 2382 τό
543 2312 690 2395 Αίλιεός
717 2315 775 2382 διὰ
802 2319 863 2382 τοῦ
892 2317 906 2377 ῑ
936 2310 1007 2409 αὡς
1033 2315 1072 2382 τὸ
1099 2311 1256 2403 Σίγειον”
1293 2310 1377 2404 φησί

153 2449 163 2466 ·
223 2428 416 2525 ἀξιγιεός”.
448 2429 535 2502 ἀλλὰ
551 2434 629 2523 περὶ
643 2435 704 2518 μὲν
720 2437 780 2500 τοῦ
794 2431 927 2520 Σίγειον
941 2437 998 2502 καὶ
1011 2431 1145 2522 Σιγιεός
1160 2430 1380 2522 δειχθήσεται

223 2550 259 2620 έν
279 2557 326 2641 τῷ
348 2549 471 2640 οἰκείῳ.
506 2547 546 2621 οὗ
567 2553 683 2638 μέντοι
705 2551 795 2622 έοικε
816 2550 855 2620 τό
879 2548 1106 2641 παράδειγμα.
1138 2550 1170 2620 εί
1192 2553 1253 2643 γὰρ
1269 2557 1379 2631 τοῦτο,

184 2666 349 2763 ,ηιίίφειλε
382 2668 585 2756 δισύλλαβον
617 2672 656 2739 τό
689 2667 829 2750 Αίλεός.
875 2669 967 2756 παρὰ
1002 2670 1083 2756 μίαν
1117 2671 1179 2760 γὰρ
1210 2671 1380 2760 συλλαβήν

221 2787 409 2879 εὑρίσκεται
434 2790 476 2857 τὰ
503 2794 659 2871 τοιαῦτα,
688 2794 748 2879 τῆς
768 2785 974 2872 Ἀντιοχείας
1000 2790 1038 2856 τὸ
1059 2784 1257 2872 Ἀντιοχεύς.
1304 2786 1376 2858 ἀλλ’

222 2981 423 2992 —n———n-

222 3103 249 3155 1.
269 3093 415 3155 Αίθοπίιι
435 3094 524 3176 PpH,
555 3094 713 3156 Αἰθιοπία
732 3099 821 3157 ARV.
938 3103 966 3156 3.
988 3117 1027 3174 ση
1053 3118 1107 3177 pro
1133 3090 1244 3175 σελήνη
1264 3100 1302 3158 R.

220 3195 248 3250 ⁵.
271 3187 499 3267 Μαρμαρίδαις
519 3193 554 3260 X,
575 3187 803 3268 Μαρμαρίνιιις
822 3190 896 3248 libri.
1014 3190 1262 3251 7..»11κουιᾶνον
1283 3193 1319 3249 Β.

115 3315 120 3324 “·
220 3291 249 3343 Β.
263 3278 388 3342 Ἀίλανα
407 3283 462 3361 Pp.
484 3285 663 3360 frequentior
682 3302 751 3342 sane
772 3285 902 3362 pluralis,
923 3304 980 3360 quo
1001 3287 1064 3363 ipse
1085 3294 1182 3344 noster
1203 3286 1291 3341 utitur
1311 3305 1335 3342 ε.
1353 3305 1377 3343 v.

212 3371 338 3435 Ἄδωνιν.
378 3378 417 3434 cs.
448 3376 622 3434 Salmaslurn
654 3375 692 3432 ad
722 3376 814 3434 Solin.
846 3397 875 3454 p.
902 3379 970 3435 342.
1007 3376 1111 3435 Αίλᾶν
1143 3379 1244 3436 vitiose
1275 3379 1379 3436 dicitur

218 3470 383 3549 Epiphanio
404 3471 508 3526 Panar.
529 3488 559 3545 p.
580 3473 638 3528 618
657 3469 694 3525 Β.
725 3471 810 3527 rerba
830 3465 908 3536 τινές
928 3464 962 3526 δέ
981 3501 1020 3512 -
1035 3462 1206 3545 Ἀιλιινίτης
1226 3491 1283 3527 orn.
1304 3473 1340 3530 R.

219 3571 266 3623 10.
284 3557 386 3620 Ἀίλαν
405 3563 440 3629 Β,
457 3553 545 3619 {lala
564 3560 638 3618 libri.
719 3567 764 3619 11.
785 3555 890 3637 ιιιόμης
910 3562 979 3620 add.
1000 3562 1041 3620 M.
1121 3567 1168 3620 12.
1186 3556 1318 3639 Ἀιλίτης
1337 3565 1374 3623 Β.

219 3650 430 3729 εοἈιλιίτηςλ
507 3650 668 3712 13.Αίλιιι
688 3655 762 3712 libri.
842 3659 889 3714 15.
903 3653 1010 3721 Αίλιῖς
1031 3655 1067 3712 V.
1147 3661 1194 3714 17.
1208 3652 1325 3714 Λίλεια
1341 3659 1377 3726 Η,

217 3746 314 3806 Abla
337 3747 410 3804 libri.
492 3752 538 3806 18.
555 3742 674 3823 Σιγιεός
689 3749 888 3816 Casaubonus,
909 3740 1044 3824 Σιγειεός
1063 3747 1138 3805 libri.
1218 3754 1264 3808 19.
1281 3745 1314 3805 έν
1334 3751 1378 3830 τῷ

219 3837 331 3918 οἰκείῳ]
354 3841 434 3897 Nibil
454 3861 529 3898 nunc
550 3861 573 3896 s.
594 3859 620 3896 v.
643 3837 762 3916 Σίγειον
782 3843 886 3918 legitur
906 3840 943 3898 (le
963 3832 1097 3916 Σιγιεός,
1123 3852 1153 3897 at
1172 3859 1231 3898 non
1253 3841 1377 3900 dubitari

218 3943 315 4013 potest
335 3935 402 4008 quin
423 3953 485 3991 earn
507 3934 633 3990 vitiosam
655 3933 776 3992 sormam
797 3953 862 3992 esse
884 3933 1021 3990 docuerit.
1044 3933 1082 3988 cl.
1104 3933 1143 3990 ad
1162 3953 1192 4010 p.
1207 3939 1255 4003 18,
1275 3935 1303 3994 4.
1326 3955 1379 3994 nee

218 4045 289 4084 sana
314 4037 380 4082 sunt
406 4045 480 4102 quae
506 4027 640 4102 leguntur
665 4026 742 4102 apud
768 4026 858 4082 schol.
879 4026 954 4081 Ven.
975 4025 1058 4080 Iliad.
1080 4021 1100 4092 ί,
1123 4030 1190 4083 147.
1221 4047 1377 4105 προπαρσ·

217 4112 336 4186 ξόνεται
357 4112 448 4174 Ἴλιον
473 4110 591 4191 πόμνον
618 4116 693 4192 (leg.
721 4115 879 4193 ποίμνιον)
908 4115 1012 4195 Σίγισν
1040 4113 1152 4192 λείριον
1183 4113 1295 4189 αἴτιον,
1330 4124 1378 4179 ubi

217 4206 330 4287 Αίγιον
350 4212 402 4274 rel,
414 4207 538 4286 Σίγριον
558 4210 740 4267 scribendum
762 4211 881 4268 videtur.
979 4216 1026 4269 20.
1047 4204 1164 4278 Αἶλιός
1183 4212 1222 4278 M,
1248 4207 1378 4281 Αίλιεός

217 4305 291 4362 libri.
385 4300 453 4380 περὶ
474 4305 510 4361 V.
606 4307 653 4359 21.
674 4303 803 4359 τοιαῦτα
826 4299 935 4375 [ἐνδεῖν
955 4303 1010 4359 τοῦ
1030 4297 1250 4377 πρωτοτόκου]
1272 4305 1329 4380 τῆς
1349 4306 1375 4361 H

218 4397 264 4453 cll.
286 4398 320 4453 iis
342 4415 416 4470 quae
437 4397 569 4469 leguntur
589 4415 612 4452 s.
628 4413 652 4452 r.
670 4391 789 4452 Αίνεια.
