2866 5092
231 606 311 699 ζάνῃ
333 605 495 698 νεήλυδας
508 609 587 690 τούς
600 607 756 691 Γαλάτας
770 593 1048 700 συμμαχῆσαντας
1070 612 1192 692 διῶξαι
1213 613 1294 694 τοδς
1314 609 1383 682 ὑπὸ
1424 593 1432 676 J

229 727 445 813 Πτολεμαίου
462 729 642 808 σταλέντος
654 726 868 818 Αἰγυπτίους
888 723 963 819 δίχρι
985 727 1173 819 θαλάσσης,
1192 733 1251 800 καί
1271 733 1385 818 λαβεῖν

228 847 289 928 τάς
310 843 455 938 ἀγκύρας
475 849 541 915 τῶν
563 851 646 914 νεῶν
666 843 790 928 αὐτῶν,
820 847 877 917 καὶ
902 848 1032 933 μισθόν
1057 853 1116 938 τῆς
1138 849 1227 939 νίκης
1249 847 1298 932 είς
1318 873 1384 919 πο-

66 987 72 996 ·
107 983 129 1066 ’1
230 967 350 1052 λισμδν
371 962 537 1052 λαβόντας
555 961 667 1055 χιόραν
687 965 799 1035 κτίσαι
820 965 877 1034 καὶ
899 963 1065 1051 ὀνομάσαι
1087 967 1204 1049 οἱίταις.
1236 972 1326 1058 τρεῖς
1346 969 1385 1038 δι’

203 1083 349 1168 5πόλεις
371 1083 520 1166 ἔκτισαν,
542 1078 705 1174 ’Άγκυραν
733 1080 804 1153 άπδ
829 1089 890 1152 τοῦ
916 1085 1001 1154 κατά
1026 1086 1086 1154 τδν
1107 1084 1258 1173 πόλεμον
1279 1088 1384 1156 πλεο-

230 1201 445 1295 νεκτήματος,
474 1202 534 1292 τὴν
561 1204 599 1272 δὲ
621 1199 693 1272 άπδ
716 1206 962 1283 Πεσσινοῦντος
982 1208 1043 1273 τοῦ
1063 1198 1234 1297 ίίρχοιπος,
1263 1207 1324 1296 τὴν
1345 1205 1384 1275 δὲ

228 1321 361 1393 ’Ταυίαν
383 1319 453 1393 άπὸ
475 1348 514 1391 το
531 1318 667 1408 ῦὲτόρου
683 1317 850 1413 ίίρχοντος.
886 1321 925 1390 τδ
942 1318 1304 1415 ἐδνικδνᾌγκυρανός.
1337 1323 1379 1394 τά

229 1441 277 1524 εἷς
298 1448 356 1518 so}
377 1439 509 1525 ἓδνικά,
530 1441 588 1512 ἐάν
610 1434 680 1510 άπδ
702 1445 762 1530 τῆς
783 1446 913 1531 γενικῆς
931 1445 993 1510 τοῦ
1008 1439 1232 1531 πρωτοτόκου
1253 1443 1383 1533 γένοιτο

78 1539 108 1592 ‘²
229 1555 493 1650 καθαρευούσης,
515 1564 564 1648 τῷ
586 1560 608 1627 ἆ
627 1556 817 1650 παραλήγει
837 1563 954 1650 μακρῷ
983 1561 1041 1630 καί
1066 1567 1131 1652 μιᾷ
1153 1564 1305 1653 συλλαβῇ
1325 1565 1386 1652 τῆς

191 1705 217 1743 ιο
228 1683 358 1769 γενικῆς
385 1673 587 1768 περιττεύει,
622 1674 681 1746 οίικ
713 1673 979 1768 ἀναστρέφοντες
1006 1683 1067 1748 τοῦ
1096 1675 1209 1769 λόγου.
1252 1677 1293 1750 ori
1320 1681 1384 1771 γάρ

189 1799 192 1808 ⁴
228 1799 294 1872 ὅσα
317 1798 357 1870 τό
387 1797 514 1866 ἇκατδ
541 1797 601 1886 τὴν
629 1795 890 1888 παραλήγουσαν
917 1795 1001 1883 ἔχει,
1031 1803 1138 1868 ταῦτα
1164 1799 1200 1870 ἐκ
1226 1801 1384 1888 θηλυκῶν

227 1921 404 2012 προῆκται.
437 1915 579 2001 τοῦμὲν
601 1917 766 2006 προτέρου
788 1915 1060 2008 παραδείγματος
1081 1922 1200 1999 ταῦτα,
1225 1914 1384 1998 Ἀσιανός

227 2031 421 2128 Καρδιανός
447 2031 623 2119 Ὀλβιανός
655 2032 843 2117 Φασιανός,
879 2032 950 2106 άπδ
984 2040 1045 2125 τῆς
1078 2031 1209 2116 Φάσιος
1239 2032 1382 2118 πόλεως,

232 2153 401 2246 Τράλλιος
425 2147 649 2242 Τραλλιανός,
671 2151 817 2244 Σάρδιες
837 2152 1034 2245 Σαρδιανός,
1058 2155 1131 2244 [τοῦ
1151 2155 1191 2225 δὲ
1212 2155 1381 2244 δευτέρου]

188 2297 214 2340 ιε
225 2272 360 2364 Πάριον
375 2270 510 2362 Παρίου
525 2267 712 2362 Παριανός,
738 2270 929 2361 Βοσπορίου
944 2267 1181 2364 Βοσποριανός
1202 2269 1293 2361 (άπὸ
1314 2275 1382 2341 τῶν

227 2393 373 2464 ἐθνικῶν
400 2387 536 2472 ἔθνικά,
572 2385 618 2472 ὥς
642 2395 704 2459 τοῦ
727 2387 858 2460 Ῥοδίου
884 2391 923 2461 τδ
946 2387 1120 2472 Ῥοδιακός
1146 2392 1298 2482 κτητικδν
1326 2393 1382 2462 καί

226 2511 357 2598 Σαμίου
388 2511 428 2580 τό
454 2504 655 2595 luprando),
685 2507 773 2579 Κίου
801 2508 935 2592 πόλεως
963 2508 1101 2591 Μυσίας
1122 2507 1266 2594 Κιανός,
1299 2507 1382 2580 Τίου

230 2629 364 2715 Τιανός,
390 2627 522 2721 Καρίου
544 2622 724 2718 Καριανός,
747 2628 958 2721 Σηλυμβρίου
978 2625 1241 2719 Σηλυμβριανός.
1272 2625 1381 2721 ἡμάρ-

225 2931 254 2985 2.
273 2923 380 3001 λαβεΐν
397 2921 435 2992 Χ,
455 2915 561 2998 λαβών
579 2922 654 2980 libri.
738 2929 767 2982 3.
787 2915 940 3000 πορισμόν
961 2924 1133 2982 Gronovius.
1221 2927 1250 2981 6.
1271 2919 1328 3000 τὴν
1348 2919 1381 2982 δί

225 3013 469 3096 [Πεσσινοῦντα]
490 3007 552 3073 ότιό
572 3015 608 3074 Β.
696 3013 920 3082 Πισσινοῦντος
939 3015 1014 3072 libri.
1100 3018 1130 3072 7.
1154 3011 1293 3072 Ταουίαν
1312 3015 1380 3074 Sol·

225 3111 343 3168 masius.
365 3107 403 3164 es.
416 3107 589 3166 Tzrclruoke
609 3107 647 3165 ad
668 3108 802 3166 Strabon.
823 3106 886 3177 xli,
907 3125 937 3184 p.
950 3111 1016 3166 178.
1094 3111 1123 3166 8.
1136 3101 1177 3164 τδ
1196 3102 1239 3174 είς
1256 3109 1310 3175 'fo-c
1330 3127 1379 3166 ur·

228 3223 283 3280 que
304 3201 343 3258 εδ
363 3203 409 3267 17,
429 3191 615 3276 θὙρκανός
634 3198 768 3274 leguntur
787 3198 872 3255 etiam
893 3197 973 3277 opud
992 3199 1155 3258 Draconem
1175 3201 1263 3258 Strot.
1283 3220 1314 3279 p.
1334 3204 1380 3269 16,

225 3298 272 3354 15.
294 3293 407 3350 omissis
427 3299 524 3348 tamen
543 3291 635 3348 verbis
657 3295 694 3347 10
714 3281 770 3347 οίκ
790 3283 1040 3368 ἀναστρέφοντες
1060 3311 1152 3368 usque
1172 3291 1211 3349 ad
1225 3296 1263 3350 12
1281 3310 1379 3371 παρα·

225 3383 395 3464 δείγματος.
425 3383 557 3458 ridentur
576 3379 734 3439 Herodioni
755 3400 834 3451 esse,
855 3383 908 3440 red
928 3391 960 3439 ut
980 3401 1038 3440 non
1058 3383 1138 3441 nulla
1157 3384 1304 3461 Apollonii
1323 3387 1380 3443 sint

224 3479 404 3558 interposita.
520 3466 575 3532 ἐόν
594 3492 649 3530 om.
670 3472 707 3530 V.
728 3472 824 3530 malim
845 3472 879 3532 εί.
998 3483 1027 3535 9.
1046 3469 1296 3552 καθαριευοόσης
1314 3478 1378 3536 RV.

225 3578 271 3632 10.
292 3564 348 3629 οὐκ
367 3562 616 3645 ἀναστρέφοντες
635 3565 691 3622 τοῦ
711 3559 802 3643 λόγου
822 3569 926 3626 omittit
938 3570 1044 3626 Draco.
1058 3569 1095 3626 de
1108 3567 1163 3624 bac
1176 3567 1300 3628 formula
1314 3569 1379 3628 ride

223 3665 356 3744 Apollon.
377 3661 460 3736 Synt.
486 3679 515 3736 p.
535 3664 564 3727 7,
584 3663 631 3715 22.
656 3660 751 3734 Etym.
771 3659 812 3718 Μ.
838 3680 868 3739 p.
890 3666 956 3732 187,
976 3665 1024 3720 20.
1050 3660 1140 3718 schol.
1165 3660 1246 3720 lliad.
1266 3657 1290 3730 ί,
1312 3665 1378 3722 150.

224 3761 271 3815 12.
291 3749 469 3831 παρῆκταιλ
562 3747 819 3829 παραδείγματαλ
917 3755 1018 3813 ταῦτα
1039 3752 1107 3810 add.
1128 3753 1165 3811 V.
1255 3756 1301 3813 14.
1322 3756 1379 3814 τοῦ

222 3845 257 3907 δὲ
276 3839 420 3921 δευτέρου
441 3842 541 3901 addita
560 3854 717 3922 praeeunte
737 3845 773 3903 B.
794 3846 860 3904 vide
880 3866 904 3906 ε.
926 3865 952 3903 v.
973 3839 1105 3922 Πάριον,
1126 3864 1163 3906 ex
1183 3847 1286 3921 quibus
1305 3847 1379 3906 baec

220 3939 366 4018 Apollonii
386 3955 451 3994 εεεε
471 3934 646 4011 intelligitur.
726 3941 772 3997 15.
789 3936 915 4018 Παρίου
932 3939 1001 3998 add.
1015 3935 1118 3996 HRV.
1202 3931 1379 4016 Βοσπόριον

222 4025 430 4107 [Βοσπορίου]
450 4028 486 4097 Β,
506 4021 683 4105 Βοσπόριον
702 4030 738 4104 V,
758 4022 926 4107 Βόσπορον·
944 4032 996 4087 AR
1017 4040 1046 4088 et
1064 4031 1170 4088 Draco.
1260 4034 1307 4089 16.
1327 4028 1377 4090 ἐδ-

221 4117 290 4180 νικά
309 4124 344 4190 R,
365 4111 487 4186 ίδνικός
508 4119 543 4187 V,
563 4113 686 4179 ίθνικόν
705 4124 740 4178 Α.
826 4119 862 4181 τδ
883 4113 1026 4197 κτητικόν
1044 4123 1107 4180 RV.
1187 4127 1234 4182 18.
1254 4120 1378 4201 Καρίου

220 4205 381 4291 Καριανός
401 4233 436 4271 ex
456 4207 582 4289 Παρίου
599 4207 761 4291 Παριανός
781 4225 945 4294 corruptum
966 4223 996 4272 et
1015 4233 1032 4272 e
1053 4217 1248 4293 superioribus
1268 4217 1377 4292 repeti·

222 4317 281 4364 turn
303 4304 421 4362 videtur.
448 4305 486 4361 ad
505 4297 635 4381 Κάρνον,
657 4307 821 4383 Megaricae
842 4306 915 4362 areis
936 4325 1050 4374 nornen,
1070 4325 1171 4383 parum
1190 4307 1378 4385 probabiliter

222 4406 337 4455 revocat
355 4396 469 4454 Franke
490 4395 529 4453 ad
547 4397 676 4456 Richteri
697 4399 784 4455 lnrcr.
805 4417 847 4474 gr.
869 4406 899 4456 et
918 4398 968 4455 lat.
989 4416 1020 4475 p.
1033 4397 1100 4457 430.
1120 4417 1175 4456 neo
1194 4389 1315 4473 Κάρνον
1334 4397 1376 4456 illi

223 4507 327 4548 nornen
347 4497 419 4557 erat,
439 4489 491 4545 sed
512 4484 601 4566 Καρί
621 4529 628 4543 .
717 4484 935 4565 Συλλυμβρίου
955 4489 996 4558 R,
1018 4485 1202 4567 Σηλυμβρίιι
1221 4487 1298 4548 HV.
