2888 5084
615 227 686 302 173

67 419 155 494 οἶος,
179 405 226 491 ὡς
239 403 398 500 Ἔφορος.
437 405 650 495 Ἡρωδιανὸς
671 412 710 478 δδ
730 409 874 499 Βοιίτης
896 409 1007 502 φησίν,
1031 408 1114 491 ἴσως
1136 407 1229 498 παρά
1294 452 1295 455 =

64 532 106 602 τό
128 526 258 610 Βοιόν,
287 523 333 609 ὡς
355 525 466 596 λίκνον
487 526 641 616 λικνίτης.
685 527 751 598 εἶσί
771 531 828 598 καί
848 529 956 602 Boioi
976 527 1079 611 ἔθνος
1100 531 1227 599 Κελτο-

65 653 235 740 γαλατῶν.
275 644 348 716 ἔστι
369 647 426 715 καί
448 643 600 718 Βοιανόν
621 643 724 729 πόλις
743 653 925 718 Σαυνιτῶν.

154 763 358 849 Βοιωτία,
385 761 471 854 μόνη
491 768 551 853 τῆς
568 760 732 848 Ἑλλάδος
752 767 811 836 ἐπὶ
830 768 920 856 τρισί
940 763 1129 850 θαλάτταις
1151 764 1229 858 διή-

66 913 188 968 κοντος
216 882 285 969 ἔχει
314 882 393 966 τούς
425 880 616 975 οἰκήτορας,
650 883 730 966 τούς
763 887 825 970 μὲν
855 885 941 976 πρός
967 883 1253 976 Πελοπόννησονι

68 1003 317 1095 ἐστραμμένους
337 1003 395 1072 καὶ
412 1000 471 1071 τόν
487 1003 663 1071 Σικελικόν
684 1005 741 1072 καί
756 1001 970 1094 Ἀδριατικὸν
991 1000 1128 1086 κόλπον,
1150 1005 1229 1087 τούς

68 1123 108 1194 δὲ
137 1123 224 1212 πρός
250 1117 432 1210 Αἴγυπτόν
464 1147 500 1190 τε
530 1123 587 1190 καί
616 1119 757 1210 Κύπρον
786 1125 845 1191 καὶ
874 1123 935 1203 τάς
964 1116 1070 1206 άλλας
1097 1121 1227 1214 νήσους,

67 1244 147 1324 τούς
177 1240 216 1312 δὲ
244 1241 331 1332 πρός
358 1240 418 1309 τόν
443 1235 595 1329 Εύριπον
623 1243 680 1311 καί
707 1240 925 1324 Μακεδονίας
953 1243 1011 1311 καί
1038 1241 1229 1326 Θεσσαλίας
1279 1229 1285 1240 ’

67 1359 264 1430 θάλασσαν.
295 1359 457 1448 γενέσθαι
473 1358 513 1428 δέ
527 1384 615 1450 φασι
632 1361 790 1432 Βοιωτόν
800 1358 933 1430 Ἰτώνου
948 1367 1009 1431 τοῦ
1024 1359 1228 1455 Ἀμφικτύο-

68 1507 140 1563 νος,
168 1484 231 1548 τοῦ
255 1477 325 1548 κατ)
349 1475 451 1548 αὐτόν
479 1480 641 1568 νεωτέρου
667 1483 734 1546 τῶν
756 1479 989 1562 Δευκαλίωνος
1014 1482 1071 1552 καὶ
1090 1480 1228 1574 Πύρρας
1241 1521 1267 1560 10

69 1599 215 1671 παίδων.
250 1594 481 1688 Νικόστρατος
496 1599 536 1667 δέ
550 1621 653 1688 φησιν
671 1597 726 1668 ότι
740 1602 958 1680 Ποσειδῶνος
978 1601 1036 1668 καὶ
1048 1595 1169 1692 ’Άρνης
1189 1596 1229 1693 ἧν

70 1727 163 1802 παῖς.
208 1713 389 1808 Εὐφορίων

199 1831 292 1927 όφρα
313 1860 350 1903 κε
370 1831 569 1920 μαντεύοιτο
590 1831 670 1920 μεθ’
693 1831 787 1904 υίάσι
809 1841 990 1919 Βοιωτοῖο,

198 1951 257 2024 τόν
278 1960 321 2044 ῥα
342 1948 561 2023 Ποσειδάωνι
582 1954 822 2044 δαμασσαμὲνη
842 1956 935 2026 τέκεν
952 1952 1064 2048 Ἄρνη,

199 2074 357 2147 Βοιωτόν
379 2070 412 2142 δ’
438 2068 590 2162 ὀνόμηνε.
632 2072 672 2142 τό
694 2073 756 2163 γάρ
776 2075 960 2146 καλέσαντο
984 2082 1114 2170 νομῆες,
1240 2112 1266 2152 1⁵

201 2191 273 2263 όττι
293 2198 336 2282 ῥα
359 2188 535 2283 πατρῴησι
555 2197 647 2277 βοῶν
668 2189 868 2283 ἀπεθήκατο
891 2193 1043 2285 κάπροις.

70 2319 128 2386 καὶ
149 2309 337 2402 Εὐριπίδης
363 2311 445 2405 ατόν
467 2308 499 2380 δ’
525 2307 614 2403 άμφί
634 2317 716 2398 βοῦς
736 2313 879 2404 ῥιφέντα
902 2316 1058 2385 Βοιωτόν
1079 2313 1227 2387 καλεῖθ’.

71 2433 219 2520 Κάστωρ
244 2431 283 2499 δὲ
311 2425 383 2499 άπδ
409 2434 468 2519 τῆς
494 2431 773 2521 καθηγησαμένης
799 2431 930 2524 Κάδμῳ
956 2435 1039 2522 βοός
1066 2438 1230 2527 λεχθῆναι

71 2555 132 2644 τῆν
152 2548 265 2637 χώραν
286 2547 384 2617 ούτω.
426 2549 515 2631 τινός
536 2546 570 2618 δ’
594 2547 641 2633 ὡς
665 2547 725 2619 ούκ
746 2545 845 2633 όντας
865 2559 939 2634 ταῖς
961 2549 1131 2634 διανοίαις
1151 2552 1229 2635 τοδς

72 2667 254 2746 Βοιωτούς
269 2662 353 2758 άγαν
371 2664 572 2760 εύκινήτους.
604 2670 753 2739 ἐκαλεῖτο
777 2671 815 2738 δὲ
830 2666 946 2740 Ἀονία
967 2671 1024 2740 καί
1037 2669 1230 2740 Μεσσαπία
1241 2699 1268 2740 ιο

72 2789 129 2857 καί
148 2784 295 2875 Ὠγυγία.
327 2787 384 2856 καί
399 2786 565 2877 Καδμηίς,
587 2783 634 2869 ὥς
657 2787 873 2878 Θουκυδίδης.
897 2783 1047 2880 ’Ἔφορος
1068 2788 1108 2857 δέ
1128 2813 1231 2879 φησιν

73 2907 128 2976 ότι
152 2904 333 2997 Ἀθηναῖοι
354 2906 432 2996 περὶ
452 2906 512 2997 τὴν
533 2906 690 2997 ναυτικην
711 2903 863 2994 δύναμιν,
888 2909 1051 2978 Θετταλοί
1072 2909 1151 2998 περὶ
1170 2910 1231 2999 τήν

73 3025 219 3114 ἱππικὴν
241 3022 433 3115 ἐμπειρίαν,
461 3027 613 3130 Βοιωτοί
640 3025 719 3116 περὶ
746 3025 807 3116 τὴν
826 3030 886 3117 τῆς
906 3026 1090 3114 γυμνασίας
1111 3028 1230 3114 ἐπιμό-

72 3290 100 3342 1.
122 3279 250 3357 Βοιίτης
272 3285 308 3352 Η,
328 3279 476 3359 Βοιηίτης
495 3282 570 3341 libri.
653 3289 680 3342 2.
702 3283 797 3342 Βοΐον
816 3285 889 3343 libri.
968 3275 1065 3341 Βοιδν
1083 3275 1175 3351 ἔθνος
1193 3283 1230 3341 V.

71 3381 100 3436 5.
122 3370 183 3450 ἕχει
204 3370 277 3444 τούς
297 3368 462 3453 οἰκήτορας
481 3385 549 3454 post
563 3369 712 3446 Ἑλλάδος
731 3379 893 3458 transponit
911 3377 948 3436 R.
1037 3379 1064 3434 6.
1085 3372 1137 3434 καί
1156 3371 1213 3435 τδλ

69 3463 196 3544 βελικόν
220 3489 274 3547 pro
299 3463 456 3527 Σικελικόν
481 3469 517 3526 V.
634 3475 723 3530 9.10.
743 3463 963 3550 Ἀμφικτύονος
982 3471 1018 3539 Χ,
1041 3462 1231 3548 Ἀμφικτύω-

71 3579 126 3629 νος
157 3560 232 3619 iibri.
350 3567 396 3620 10.
423 3555 502 3618 κατὰ
527 3556 602 3619 rar?
632 3572 662 3618 ut
693 3563 833 3623 exciderit
864 3566 1011 3643 scriptoris
1037 3581 1154 3622 nomen.

71 3653 135 3712 τῶν
156 3653 193 3720 X,
222 3654 280 3710 τοῦ
304 3655 378 3714 iibri.
502 3660 549 3713 11.
572 3646 786 3731 Νικόστρατος
805 3656 846 3724 R,
873 3650 1069 3733 Νικοκράτης
1088 3655 1149 3724 AV.
1175 3657 1231 3714 Ni-

73 3754 230 3804 costratum
249 3757 349 3804 noster
367 3749 436 3805 citat
451 3765 473 3803 s.
487 3765 512 3802 v.
527 3743 557 3803 Γ
555 3738 663 3823 άγγρα.
684 3759 714 3805 at
727 3749 910 3807 Nicocratem
930 3749 1020 3807 habes
1041 3749 1120 3826 apud
1141 3750 1232 3808 schol.

73 3839 222 3916 Apollonii
241 3837 297 3896 Rh.
319 3844 345 3907 1,
366 3843 435 3898 831.
554 3840 601 3897 13.
620 3832 785 3914 ματεύοιτο
807 3841 843 3900 R.
959 3835 1119 3916 μεθυάσοιι
1138 3842 1201 3902 PV.

73 3935 120 3988 16.
141 3921 319 4004 ἐπεθήκατο
345 3929 389 3989 Π.
506 3937 552 3992 17.
571 3931 650 4005 βοῦς
666 3931 713 4001 Μ,
738 3931 817 4008 βοάν
841 3934 916 3993 libri.
947 3936 986 3994 cs.
1007 3935 1174 3994 Eustathiue
1195 3937 1232 3994 ad

71 4023 158 4080 Dion.
184 4022 251 4080 Per.
272 4025 329 4082 126
354 4025 502 4104 Euripidis
530 4044 641 4083 versum
669 4027 917 4084 circumscribens:
949 4023 981 4097 ἐξ
1011 4011 1047 4086 οὗ
1071 4021 1107 4086 τό
1134 4020 1233 4104 ὄνομα

71 4109 160 4190 ἴσχεν
180 4109 222 4183 ὡς
241 4108 342 4196 ῥιηελς
361 4112 442 4198 ἀμφὶ
463 4113 536 4186 τούς
555 4113 643 4192 βόας.
722 4124 769 4177 18.
781 4115 857 4194 βοός
871 4113 993 4200 Κάδμῳ
1014 4121 1049 4178 R.
1130 4127 1175 4181 19.
1193 4141 1233 4178 τι·

72 4205 120 4276 νίς
141 4202 189 4282 δ’]
209 4209 378 4269 Eustaihius
399 4211 450 4268 1.1.
472 4205 502 4268 οῗ
521 4207 555 4269 δὲ
574 4206 660 4287 παρὰ
680 4206 736 4270 τόν
754 4212 832 4286 βοῦν
852 4205 1037 4287 ὠνομάσθαι
1058 4203 1142 4270 εἷπον
1161 4208 1234 4282 τούς

72 4297 234 4369 Βοιωτούς
253 4295 297 4370 ὡς
315 4299 358 4380 μὴ
379 4294 471 4372 ὄντας
490 4309 559 4373 ταῖς
579 4299 729 4372 διανοίαις
742 4297 821 4382 ἄγαν
836 4299 1021 4383 εὐκινήτοτς.
1107 4309 1155 4364 20.
1168 4304 1233 4364 Με·

70 4389 170 4454 σαπίιι
192 4395 268 4454 iibri.
357 4401 404 4454 21.
426 4390 635 4471 Θουκυδίδης]
659 4401 753 4468 1,12.
