2888 5084
634 281 707 354 167

83 456 228 543 πέρασι,
259 457 319 545 τήν
350 454 453 548 αύτήν
481 455 629 548 ἔμφασιν
659 458 791 545 ἐήςουσιν
819 461 890 534 άπὸ
921 471 980 556 τῆς
1008 465 1156 557 κλήσεως
1184 477 1250 538 τῶν

80 569 211 661 μήλων,
236 567 260 642 ίί
280 571 402 664 χρύσεα
425 576 558 665 λέγεται
574 573 743 670 Ἡρακλῆς
766 577 801 649 ἐκ
821 585 881 671 τῆς
901 581 1037 673 Λιβύης
1060 583 1246 676 ἀγηοχέναι.

81 693 123 762 τό
146 689 287 762 iwani»
309 696 456 784 Βηλαῖος
477 697 535 764 καί
554 698 728 784 Μηλαῖος,
752 692 799 780 ὡς
819 704 944 783 Νεῖλος
965 708 1138 786 Νειλαῖος.
1279 785 1280 790 1

172 808 296 903 Βήνη,
320 809 423 894 πόλις
439 811 573 904 Κρήτης
594 810 662 883 ύπό
680 814 807 907 Γόρτυν
824 822 1015 910 τεταγμένη.
1049 824 1088 891 τό
1108 823 1246 894 ἕβνικόν

84 937 242 1021 Βηναῖος.
261 928 390 1013 Ῥιανὸς
404 933 467 1021 γάρ
485 928 503 1003 ὁ
521 934 665 1023 ποιητής
676 942 821 1026 Βηναῖος
835 933 875 1028 ἦν
890 935 1091 1031 ἢΚερεάτης
1105 937 1126 1030 ἢ
1142 941 1243 1031 Κρής.
1257 972 1271 1010 ι

170 1048 399 1143 Βήριθρσς,
430 1047 532 1134 πόλις
557 1052 700 1146 Τρωική.
745 1059 784 1126 τὸ
811 1058 949 1128 ἐθνικόν
971 1060 1174 1151 Βηρίθριος,
1205 1063 1244 1131 τὸ

83 1172 234 1259 θηλυκὸν
258 1169 441 1259 Βηριθρία.

170 1285 370 1379 Βηρυτός,
402 1286 506 1370 πόλις
531 1290 703 1380 Φοινίκης,
734 1293 770 1362 ἐκ
799 1301 920 1387 μικράς
946 1292 1092 1387 μεγάλη,
1123 1296 1243 1383 κτίσμα

82 1406 228 1499 Κρόνου.
269 1405 405 1498 ἐκλήθη
419 1410 458 1479 δὲ
480 1409 599 1479 διὰτὸ
622 1405 777 1501 εύοδρον·
799 1414 864 1503 βήρ
886 1414 949 1505 γάρ
969 1414 1008 1485 τύ
1032 1416 1139 1506 φρέαρ
1161 1413 1240 1505 παρ’
1305 1392 1309 1404 ⁵

85 1523 209 1607 αὐτοῖς.
249 1522 406 1609 Ἱστιαῖος
435 1524 467 1596 δ’
497 1528 533 1597 ἐν
561 1527 677 1620 πρώτῃ
705 1530 765 1621 τήν
803 1529 893 1615 ἰσχύν
925 1531 1051 1623 βηρούτ
1080 1533 1241 1616 Φοίνικας
1254 1564 1279 1602 ω

82 1643 271 1731 ὀνομάζειν,
294 1642 351 1736 ἀφ’
376 1637 417 1715 οὗ
437 1647 573 1736 καλιήν
593 1646 705 1728 πόλιν,
727 1643 966 1732 ὡςἝλλάδιός
987 1675 1100 1742 φησιν.
1136 1649 1240 1721 ὁπο-

83 1765 174 1855 λίτης
208 1761 373 1853 Βηρύτιος
410 1761 457 1846 ιύς
486 1762 646 1850 Ἀζώτιος
681 1763 888 1856 Αἰγύπτιος.
939 1767 1162 1857 σεσημείωται
1200 1772 1240 1842 τό

82 1879 258 1972 Μιλήσιος
291 1882 325 1950 ἐν
356 1888 426 1963 τοῖς
453 1890 608 1965 τοπικοῖς
638 1884 692 1954 ὅτι
723 1882 868 1976 ἐτράπη,
903 1882 950 1968 ὡς
981 1887 1020 1954 τὸ
1054 1885 1240 1968 Θεοδόσιος

82 1997 307 2092 [Ἀθανάσιος
322 1997 550 2091 Ἀμβρύσιος,]
573 2003 612 2071 τὸ
634 2003 696 2094 γάρ
719 2002 886 2088 θεόύοτσς
907 2006 965 2074 καί
986 2002 1162 2086 ἀθάνατος
1183 2008 1240 2074 καί

80 2117 250 2208 άμβροτος
279 2117 437 2190 σύνθετα.
481 2120 520 2189 τύ
554 2121 592 2190 δὲ
623 2120 774 2212 χοιρίσκος
807 2120 848 2193 οὐ
876 2121 1029 2192 τοπικόν.
1070 2130 1150 2214 περὶ
1178 2130 1277 2194 τούω

79 2237 279 2330 Παρνάσιος
299 2240 446 2327 ἐροῦμεν.
480 2239 520 2309 τὸ
540 2243 579 2310 δὲ
598 2243 619 2310 ὗ
637 2240 774 2332 μακρόν,
797 2241 980 2325 Διονύσιος
1001 2240 1020 2314 ό
1037 2243 1238 2336 περιηγητής

81 2361 164 2456 ακαί
188 2356 296 2449 Τύρον
322 2354 463 2448 ιύγυγίην
484 2364 635 2449 Βηρυτοῦ
653 2358 681 2428 τ’
708 2355 786 2430 αἶαν
808 2361 981 2454 ἐραννήν”.
1027 2361 1182 2446 ὀξύνεται
1203 2360 1237 2431 δ’
1266 2407 1269 2414 -

79 2477 127 2562 ὡς
147 2477 372 2570 τρισύλλαβον
394 2480 451 2546 καὶ
469 2478 598 2569 μακρόν
614 2475 682 2563 ἔχει
698 2481 737 2550 τὸ
753 2485 781 2561 ῦ,
805 2478 852 2564 ὡς
871 2483 911 2553 τό
934 2480 1079 2564 κωκεπός
1093 2480 1239 2573 γωροτύς

81 2595 261 2690 Καρδντός
292 2596 405 2678 πόλις.
449 2598 489 2665 τὸ
519 2597 722 2684 Σεβέννυτος
754 2597 1033 2692 τετρασύλλαβον.
1077 2597 1150 2668 ἔστι
1183 2601 1239 2667 καί

78 2716 184 2800 πόλις
199 2714 369 2807 Ἀραβίας,
392 2711 412 2805 ἡ
430 2711 592 2806 πρότερον
608 2717 793 2807 καλουμένη
808 2716 1011 2800 Διόσπολις.
1044 2718 1084 2787 τὸ
1100 2717 1236 2786 ἐθνικόν
1249 2742 1275 2778 νο

77 2839 117 2909 τό
144 2833 239 2907 αύτό.

164 2958 321 3045 Βήσσα,
349 2949 452 3034 πόλις
471 2959 626 3044 Λοκρῶν.
665 2950 878 3046 Ἡρωδιανὸς
900 2952 944 3024 δι’
967 2951 1041 3036 ἑνός
1062 2959 1083 3026 ὃ
1104 2951 1235 3045 γράφει,

76 3175 280 3190 ..,,,......-..-.-

78 3309 510 3391 1.2.ῐῆς-λκτῆςοπι.λλ.
589 3315 617 3372 4.
634 3313 665 3372 Γ
662 3308 755 3392 όρταν
776 3316 811 3385 V,
832 3312 862 3372 Γ
859 3311 953 3394 ορτύν
972 3315 1007 3383 Β,
1027 3311 1058 3371 Γ
1056 3304 1186 3391 ορτύνην
1199 3313 1233 3368 Α.

76 3415 106 3471 5.
119 3401 251 3484 ποιητής
262 3402 352 3485 Κρὴς
370 3393 408 3483 ἦν
420 3403 556 3481 Βηναῖος
576 3395 593 3481 ἢ
609 3398 766 3484 Κιρεάτης
780 3408 929 3466 Gavelius.
951 3417 1081 3486 apertum
1102 3414 1146 3463 est
1162 3403 1236 3462 haec

76 3523 112 3564 ex
135 3502 267 3582 pluribus
287 3518 351 3558 esse
371 3509 528 3556 contracta.
637 3503 665 3557 8.
686 3494 844 3576 Βηρωσός]
871 3500 1083 3579 Τεκοεεοείρείῐ
1102 3497 1234 3555 Eustath.

77 3597 114 3654 ad
135 3597 225 3654 Dion.
245 3591 312 3650 Per.
333 3595 400 3652 912.
499 3597 545 3649 10.
566 3585 678 3660 ῖσιιωῖς
698 3591 762 3650 RV.
851 3584 972 3670 βηρούτ
990 3593 1162 3660 Bochartus,
1180 3590 1235 3666 βη·

76 3685 165 3766 ροιπλ
192 3685 267 3744 libri.
294 3683 333 3742 es.
354 3684 444 3744 schol.
465 3684 596 3759 Dionysii
615 3683 681 3741 Per.
703 3688 773 3742 911:
799 3673 899 3752 οὕτως
924 3679 940 3742 ὃ
962 3677 1124 3752 ιΙῖλλιίιλιος
1150 3675 1233 3765 ι(βήρ

74 3778 136 3858 γάρ
161 3774 198 3839 τὸ
224 3773 325 3856 φρέαρ
349 3771 421 3855 παρ’
442 3770 627 3853 Ἀσσυρίοις.
656 3769 685 3832 οῖ
711 3772 745 3834 δὲ
764 3765 811 3834 ὅτι
831 3769 969 3856 βηρύτσο
991 3771 1157 3855 (βηρούτλ)
1178 3770 1235 3850 τήν

77 3866 168 3948 ἰσχύν
188 3863 302 3948 φασι”.
324 3870 363 3928 cf.
382 3870 502 3928 Eekhel.
523 3869 590 3927 DN.
607 3873 670 3947 Sp.
682 3872 749 3927 358.
830 3874 875 3928 13.
896 3862 1013 3948 ἐτράπη
1035 3863 1166 3943 [ἁπλοῦν
1185 3857 1233 3942 όν]

77 3959 119 4034 ὡς
137 3959 175 4024 τό
196 3963 324 4022 Lobeck.
345 3962 428 4020 Pati.
448 3981 479 4040 p.
499 3963 567 4020 423.
694 3961 741 4019 11.
755 3952 946 4030 Ἀθανύσιος
958 3954 1145 4036 Ἀμβρόσιος
1164 3959 1234 4018 add.

76 4058 221 4135 Bergkiua
244 4055 405 4114 Commeat.
427 4055 488 4112 crit.
508 4059 527 4112 2
547 4073 576 4132 p.
597 4059 625 4114 9.
743 4059 789 4112 15.
811 4043 969 4130 ἄμβροτος
988 4054 1158 4131 Salmasius,
1180 4044 1234 4126 ιῖμ-

75 4142 207 4228 βρύσιος
228 4149 303 4205 libri.
414 4151 460 4206 16.
481 4140 676 4224 περιηγητής]
700 4165 738 4220 τε.
760 4152 827 4207 911.
937 4151 985 4206 17.
1005 4139 1163 4222 ἐρατεινήν
1181 4164 1235 4222 pro

77 4233 208 4320 ἐραννήν
228 4241 293 4299 RV.
373 4244 420 4298 18.
440 4231 647 4315 τρισύλλαβον
668 4239 694 4296 Β
715 4249 743 4297 et
762 4238 930 4297 Eustathius
950 4241 969 4297 l.
981 4241 1012 4309 l.,
1032 4232 1237 4318 τρισύλλαβος

78 4339 112 4404 Α,
131 4323 328 4408 τρισύλλαβα
349 4333 385 4389 V.
465 4337 510 4390 19.
532 4322 699 4406 Καρδοτύς
720 4332 756 4398 H,
776 4321 939 4408 Κορύυτύς
959 4330 1032 4400 libri,
1053 4351 1109 4390 om.
1130 4332 1236 4389 Eusta-

78 4429 165 4486 thius.
288 4419 457 4495 Σεβίνιτος
476 4423 549 4480 libri.
679 4418 782 4481 κατὰ
810 4425 950 4482 on1.RV.
