2850 5092
11 209 21 300 ’ἶ
608 247 654 318 τι

10 385 18 536 ξ’
56 432 120 521 περὶ
150 425 312 498 Αἰνείου
339 425 454 514 λέγων.
500 423 628 516 ἐκλήθη
664 426 703 495 δὲ
734 423 804 496 άπὸ
830 421 1013 513 ’Ἀλμωπος
1048 423 1210 515 γίγαντος.

11 539 14 556 ’
56 551 85 616 ni
103 547 250 618 ἔθνικόν
272 542 423 638 ’Ἀλμωψ
446 546 504 612 καί
524 541 720 630 Ἀλμιόπιος
741 547 798 615 καί
818 541 1007 630 Ἀλμιοπία.
1042 541 1113 614 ἀπὸ
1132 537 1211 613 Ἀλ-

56 695 165 750 μωπος
188 672 254 736 τοῦ
276 667 497 745 Ποσειδῶνος
519 665 574 732 καί
589 663 709 752 Ἕλλης
728 667 788 754 τῆς
804 660 1029 750 Ἀθάμαντος.
1216 671 1217 676 ’

9 755 15 882 ἱ
122 783 395 874 Ἀλόννησσς,
426 785 513 872 περί
535 774 574 871 ἧς
607 781 783 863 Φίλιππος
808 784 864 850 καί
888 780 1066 872 Ἀθηναῖοι
1094 782 1210 872 διεφέ-

6 885 13 994 i
57 931 154 994 ροντο.
179 904 222 972 τό
247 904 387 973 ε’θνικδν
404 899 620 991 Ἀλοννήσιος
639 897 685 982 ὡς
701 896 960 992 Προκοννήσιος,
984 902 1040 969 καὶ
1055 898 1236 989 ‘Annum-⁵

6 1019 12 1128 J
55 1025 136 1114 σι’της
159 1021 209 1105 ὡς
226 1020 484 1112 Χερρονησίτης.
517 1018 589 1090 ἔστι
611 1020 667 1089 καί
689 1017 786 1110 ἑτέρα
807 1024 866 1110 τῆς
882 1017 1020 1100 Ἰωνίας.
1053 1020 1092 1090 τό
1116 1021 1212 1090 ἐθνι-

6 1210 8 1221 ,
55 1172 101 1210 κον
127 1169 269 1210 ταυτον.

6 1285 8 1290 ’
123 1259 166 1329 Ἀ
174 1257 305 1350 λόπη,
328 1256 431 1340 πόλις
455 1256 661 1341 Θεσσαλίας,
685 1254 755 1329 άπό
772 1256 921 1347 Ἀλόπης
942 1262 1001 1347 τῆς
1023 1254 1212 1348 Κερκυόνος

1 1316 11 1452 i
56 1377 333 1470 όςΦερεκόδης,
363 1373 385 1467 ἢ
412 1383 472 1466 τῆς
492 1373 652 1468 ’Ἀκτορος
680 1375 726 1460 ὡς
752 1377 875 1448 Φίλιον.
919 1376 992 1446 ἔστι
1021 1378 1059 1446 δὲ
1084 1377 1207 1461 provo?

56 1501 231 1590 Λαρίσσης
257 1501 319 1586 τῆς
340 1501 539 1586 Κρεμαστής
566 1499 623 1566 καί
640 1494 778 1581 Ἐχίνου.
817 1496 954 1584 δευτέρα
982 1492 1053 1562 ἐστὶ
1074 1495 1131 1562 καί
1152 1499 1210 1584 τῆς
1223 1531 1250 1568 ιο

1 1681 3 1706 f
55 1621 199 1708 Ἀττικής
216 1615 360 1705 Ἀλόπη.
394 1615 486 1708 τρίτη
501 1613 645 1698 Πόντου,
669 1612 727 1707 ἀφ’
745 1606 784 1704 ἧς
799 1612 1041 1684 Πενθεσίλεια.
1074 1610 1213 1703 τετάρτη

1 1720 3 1736 ¹
59 1739 127 1826 περὶ
153 1733 315 1823 Εὔβοιαν.
359 1737 496 1824 πέμπτη
523 1736 602 1824 περὶ
630 1733 799 1824 Δελφούς.
845 1734 919 1822 ἕκτη
944 1733 1023 1821 περί
1044 1730 1212 1820 Λοκρίδα.

53 1855 188 1945 Ὄμηρος
210 1855 272 1946 τήν
292 1856 418 1940 μεταξὺ
434 1853 571 1935 Μυσίας
593 1855 649 1922 καί
664 1853 798 1942 Καρίας
819 1855 877 1922 καί
890 1851 1027 1933 Λυδίας
1043 1846 1214 1939 παράλιόν

60 2001 155 2065 φησιν
186 1971 348 2068 «ἐλθόντ’
378 1976 416 2056 ἐξ
436 1971 598 2063 Ἀλόπης,
626 1970 681 2042 ὅθ’
704 1970 934 2059 Ἀμαζονίδων
962 1973 1057 2061 γένος
1083 1966 1209 2038 ἑστίν”.

61 2093 75 2164 i
95 2095 237 2183 πολίτης
257 2096 343 2162 κατά
365 2096 478 2182 τέχνην
493 2092 683 2183 Ἀλοπίτης.
706 2091 778 2161 ἔστι
801 2096 839 2163 δὲ
861 2095 917 2160 καὶ
933 2087 1110 2170 Ἀλοπεός.
1223 2122 1248 2161 1⁵

128 2210 266 2295 Ἀλος,
294 2211 398 2294 πόλις
420 2209 567 2298 Ἀχαΐας.
612 2215 668 2282 καί
694 2210 891 2294 Φθιώτιδος
918 2209 986 2280 ὑπό
1013 2215 1061 2300 τῷ
1087 2210 1211 2299 πέρατι

1 2323 2 2328 ¹
60 2328 276 2424 ιήςὌθριιος.
313 2329 434 2416 άπίχει
452 2326 633 2414 δὲ”Ιτωνος
656 2328 702 2414 ὡς
725 2328 882 2422 ἑξήκοντα
898 2329 1066 2411 σταδίους.
1100 2327 1211 2398 κτίσαι

60 2577 253 2590 -—

61 2743 84 2793 1.
104 2732 164 2796 riuti
184 2732 346 2816 Ἀλμωπος
367 2741 457 2800 deleri
483 2752 511 2798 et
531 2743 642 2818 reliqna
665 2751 730 2820 post
748 2736 889 2818 γίγαντος
909 2742 1058 2816 transponi
1080 2741 1136 2797 rnlt
1156 2739 1192 2797 B.

61 2837 121 2889 2.(1.
132 2825 255 2906 Ἀλμων
266 2827 356 2891 πόλιν
369 2853 423 2912 pro
436 2825 645 2908 Ἀλμωποςλί.
724 2823 1013 2906 4.Ἀλόνησοςίίλιτί.
1092 2827 1211 2892 5.Ἀλο-
1271 2871 1272 2878 1

61 2918 159 3000 νήπιος
171 2927 247 2984 libri.
326 2918 559 3003 Προκοννήσιος
570 2929 610 2997 Μ,
624 2919 840 3005 Προκονήσιος
852 2925 886 2994 B,
901 2919 1128 3002 Προικονήσιος
1138 2927 1212 2984 libri.

62 3023 86 3075 5.
99 3023 126 3075 6.
139 3014 358 3094 Ἀλοννησίτης
375 3019 413 3088 R,
436 3013 633 3096 Ἀλονησίτης
652 3023 686 3078 Α.
792 3025 820 3078 9.
844 3015 949 3074 Φίλων
967 3020 1012 3087 Μ,
1040 3015 1214 3093 Φιλωνίδης

62 3111 130 3169 libri.
229 3117 339 3171 1011.
361 3106 425 3169 λ’στι
446 3114 501 3188 τῆς
513 3107 653 3190 Ἀττικῆς
672 3115 708 3171 R.
736 3111 775 3170 cs.
796 3110 958 3185 Hesychius
978 3103 1107 3184 Ἀλόπη·
1127 3104 1215 3177 πόλις

61 3198 199 3283 ίνἈργιι
222 3203 434 3285 (Πελασγικῷ)
456 3199 507 3264 καί
526 3197 620 3282 κρήνη
641 3203 673 3263 ἓν
689 3199 847 3263 Ἐλευσῖνι.
949 3208 996 3260 11.
1017 3198 1214 3258 Πεντεσίλεια

62 3297 119 3356 RV.
239 3303 286 3356 12.
313 3294 393 3355 κατὰ
420 3291 557 3372 Εὔβοιαν
581 3299 622 3368 Β,
655 3309 686 3354 nt
713 3299 815 3356 eadem
846 3298 883 3354 sit
913 3315 977 3352 cnm
1007 3304 1099 3352 sexto.

62 3395 103 3448 13.
112 3381 265 3469 Ὅμηρος]
281 3411 305 3448 v.
320 3391 424 3450 Strabo
439 3395 475 3448 12
495 3411 524 3469 p.
536 3393 604 3450 550.
626 3393 671 3449 cll.
687 3393 799 3467 Heynio
821 3390 858 3448 ad
874 3391 907 3448 ll.
924 3396 952 3458 2,
967 3392 1033 3448 856.
1113 3387 1159 3446 14.
1173 3383 1215 3444 ii·

61 3477 166 3552 θίνπες
185 3487 222 3543 V.
320 3479 449 3551 Λυδίας
467 3485 507 3553 Μ,
531 3479 659 3552 Λυκίας
678 3485 753 3542 libri.
775 3484 813 3542 cs.
835 3504 859 3541 s.
879 3503 906 3541 ν.
926 3478 1091 3554 Ἁλιζῶνες.
1112 3479 1216 3539 eodem

61 3595 152 3634 errore
179 3577 261 3655 apud
287 3575 538 3652 Themistagoram
564 3577 592 3632 in
620 3577 750 3636 Crarneri
774 3580 828 3634 An.
850 3563 989 3636 Ox.'vol.
1011 3580 1024 3633 1
1048 3594 1079 3651 p.
1100 3578 1147 3642 80,
1168 3577 1235 3631 11.·

60 3669 159 3746 legitor
178 3664 259 3728 κατὰ
281 3664 339 3746 τὴν
351 3661 484 3744 Ἀλόπην
502 3665 558 3744 τὴν
578 3669 632 3726 νῦν
649 3667 779 3727 Λυκίων
797 3665 986 3745 καλουμένην
1005 3663 1061 3744 τὴν
1080 3661 1158 3744 πρὸς
1177 3665 1216 3744 τῇ

58 3755 183 3843 ‘Ephron
217 3765 311 3842 ipram
330 3763 478 3839 Ephesum
496 3755 611 3839 Ἀλόπη
637 3773 766 3820 vocatam
792 3763 882 3818 fuisse
910 3771 1021 3818 constat
1046 3779 1082 3816 ex
1109 3759 1216 3834 Hygini

61 3855 184 3916 15014.
314 3859 361 3914 15.
381 3848 529 3924 Ἀλυπεός
556 3853 631 3913 HV.
750 3857 796 3912 16.
820 3845 1000 3920 Φθιώτιδος
1024 3844 1153 3929 ὑπάρχει
1172 3851 1218 3930 τῷ

60 3949 93 4018 V,
129 3952 209 4009 unde
235 3949 361 4012 Vossius
387 3949 492 4004 conicit
518 3941 568 4005 ὑπ’
596 3943 726 4027 άρκτείῳ
754 3947 801 4002 cll.
827 3946 962 4004 δαείω-9
988 3966 1017 4024 p.
1038 3947 1110 4002 433:
1142 3938 1157 4002 ri
1184 3939 1217 4002 δὲ

62 4038 239 4111 Φθιωτικὸς
260 4033 351 4108 Ἀλος
375 4033 434 4098 ὑπὸ
461 4040 506 4119 τῷ
530 4035 639 4116 πίρατι
664 4045 759 4098 κεῖται
785 4037 840 4114 τῆς
859 4029 998 4112 Ὄθρυος
1024 4030 1117 4115 ὅρους
1141 4032 1218 4114 πρὸς

60 4127 166 4210 ιῖρκτον
188 4130 333 4209 καμίνου
354 4133 393 4211 τῇ
416 4127 581 4190 Φθιώτιδι.
608 4135 752 4190 enimvero
776 4130 846 4187 illud
872 4120 1000 4205 ὑπάρχει
1021 4149 1057 4188 ex
1077 4130 1152 4187 mole
1172 4131 1217 4185 in-

60 4231 165 4288 tellecto
188 4221 253 4287 ὖπό
275 4227 499 4305 praepositionis
521 4226 693 4305 compendio
715 4234 810 4282 natnrn
830 4223 950 4291 videtur,
971 4233 1001 4279 ot
1015 4241 1082 4300 pag.
1093 4226 1140 4288 78,
1155 4225 1172 4280 5
1189 4231 1219 4280 et

60 4341 77 4378 r.
91 4316 312 4400 ι.Ἀροιχωσιά
334 4318 455 4395 aliisque
471 4319 552 4376 locis.
632 4322 677 4377 17.
693 4316 748 4393 τῆς
761 4308 901 4396 Ὄθρυος
913 4313 953 4372 Π
956 4315 991 4390 V,
1012 4315 1066 4389 τῆς
1083 4307 1219 4388 Ὀθρόος

58 4417 107 4486 ΑΒ,
127 4417 185 4475 τοῦ
205 4403 350 4488 Ὀθρῦθς
370 4411 405 4468 Χ·
473 4429 478 4438 ’
