2902 5070
640 188 715 260 295
819 211 823 220 ·

186 363 405 453 Ζειρηνία,
433 361 535 446 πόλις
563 365 709 458 Θρᾴκης,
740 365 950 453 Θεόπομπος
976 373 1196 440 Φιλιππικῶν
1216 369 1256 460 γ’.

96 483 135 550 τό
158 483 297 551 ἐδνικδν
320 479 538 572 Ζειρηνιόιης
565 480 611 565 ὡς
635 482 861 574 Κυδωνιάτης.

180 612 214 671 Ζ
219 603 237 671 ε’
243 605 352 682 λεια,
376 598 479 682 πόλις
497 601 669 692 Τρωάδος.
693 603 759 699 αοἳ
776 606 815 674 δὲ
831 605 976 675 Ζέλειαν
998 603 1134 676 ἔναιον”
1151 607 1254 698 ’Όμη-

94 747 163 809 ρος.
204 717 275 790 ἀπὸ
298 719 441 789 Ζελείου
463 719 582 812 ἥρωος.
627 720 660 790 oi
681 724 720 792 δὲ
742 724 872 813 Ζίλην
894 721 997 814 αίτήν
1019 752 1116 817 φασι.
1159 728 1254 816 παρὰ

93 838 325 930 Ποσειδίππῳ
353 837 386 908 δ’
411 839 544 929 εύρηται
573 841 632 909 διδ
654 847 714 910 τοῦ
738 845 753 910 i
775 841 920 932 [Ζελίη].
963 845 1003 911 τδ
1026 845 1165 914 ίθνικδν
1187 855 1279 914 lar-r

94 957 214 1048 λείτης.
242 956 454 1048 Ἡρωδιανὸς
475 961 513 1028 δὲ
532 961 725 1030 Ζελειατιῢν
747 987 860 1052 φησιν.
895 959 967 1032 ἔστι
989 963 1052 1053 γὰρ
1071 961 1254 1054 Ζελειοίτης

93 1079 151 1147 καὶ
173 1076 343 1167 Ζελείτης.
375 1075 447 1147 ἔστι
469 1080 526 1146 καὶ
547 1081 674 1149 Ζίλεια
696 1077 860 1171 φρούριον
880 1079 1037 1166 Κυζίκου,
1061 1076 1107 1163 ὡς
1127 1085 1252 1171 Διογέ-

94 1223 150 1286 νης
165 1199 200 1266 ἐν
213 1196 306 1288 τρίτη
324 1198 433 1285 [περὶ]
450 1197 607 1281 Κυζίκου.
640 1199 679 1268 τὸ
697 1199 834 1268 ἐθνικδν
850 1197 980 1285 ὅμοιον.
1012 1199 1253 1284 Ποσείδιππος

93 1319 132 1386 δὲ
153 1314 335 1408 Πάνδαρον
356 1318 451 1406 παρὰ
471 1321 518 1406 τῷ
540 1323 702 1402 Σιμοῦντι
722 1316 898 1409 τετύφθαι
919 1316 1020 1409 φησίν
1046 1314 1152 1413 «οὐδὲ
1173 1327 1249 1389 Λυ-

92 1433 209 1524 καονίη
231 1431 352 1516 δέξατό
375 1460 413 1505 σε
429 1435 541 1523 Ζελίη,
564 1429 652 1504 ἀλλὰ
667 1437 811 1526 προχοαί
825 1433 1060 1522 Σιμόεντος...
1076 1439 1136 1506 διὰ
1150 1435 1249 1508 τοῦτό
1263 1473 1290 1512 ιο

91 1580 147 1625 σοι
160 1554 287 1645 Ἕκτωρ
310 1559 400 1644 σῆμα
423 1555 481 1623 καί
502 1551 684 1644 ἀγχέμαχοι
705 1557 809 1625 θέντο
831 1553 1086 1627 Λυκαονίδαι”.
1200 1549 1206 1562 '

178 1683 211 1742 Ζ
216 1679 357 1762 εῦγμα,
381 1671 483 1754 πόλις
497 1671 620 1761 Συρίας
639 1671 697 1743 ἐπί
714 1678 761 1762 τῷ
776 1670 950 1764 Εύφράτιη,
975 1668 1014 1742 lb
1029 1671 1250 1764 Ἀλέξανδρος

93 1791 210 1879 ζεύξας
232 1790 372 1862 ἁλύσεσι
395 1791 569 1879 διεβίβασε
591 1793 634 1861 τοὶ
657 1790 881 1880 στρατόπεδα.
914 1794 953 1862 τὸ
976 1791 1113 1861 ἐθνικδν
1135 1789 1168 1860 σί
1187 1793 1250 1877 μὲν

90 1910 269 2004 ἐπιχώριοι
291 1909 518 2000 Ζευγματεός,
543 1913 653 1981 δεῖδὲ
677 1910 903 2001 Ζευγματίτης
924 1907 971 1992 ὥς
993 1907 1247 2000 Ἀσκαλωνίτης,

92 2031 137 2116 ὡς
158 2035 215 2102 καί
235 2032 396 2121 Πρωτέας
418 2027 437 2099 ό
460 2032 687 2120 γραμματικός
708 2030 945 2120 Ζευγματίιης.
1260 2063 1286 2104 ιι

177 2148 398 2242 Ζεφύριον,
422 2145 441 2239 ἡ
460 2146 723 2240 Ἁλικαρνασσὸς
741 2154 800 2238 τῆς
815 2150 948 2238 Καρίας
965 2149 1071 2244 οὕτως
1085 2150 1246 2218 ἐκαλεῖτο.

91 2273 149 2342 καί
170 2269 270 2350 πόλις
293 2267 462 2349 Κιλικίας.
506 2269 544 2338 τὸ
566 2269 704 2338 ίδνικδν
725 2267 954 2361 Ζεφυριιύτης.
992 2265 1063 2338 ἔστι
1085 2269 1142 2338 καί
1161 2276 1246 2338 Σκυ-

88 2391 174 2473 θίας
200 2389 332 2482 χωρίον.
375 2387 447 2458 ἔστι
476 2390 532 2456 καὶ
558 2384 702 2468 Ἰταλίας
732 2386 917 2480 Ζεφύριον,
953 2384 1011 2477 ἀφ’
1044 2378 1085 2456 οὗ
1113 2388 1247 2474 Λοκροί

86 2506 332 2599 Ἐπιζεφύριοι.
372 2504 443 2576 ἔστι
465 2506 521 2575 καί
542 2500 626 2595 ίίκρα
647 2511 706 2594 τῆς
725 2505 915 2595 Αἰγύπτου,
938 2504 997 2596 ἀφ’
1021 2498 1061 2596 ἧς
1081 2502 1101 2594 ἡ
1119 2501 1245 2596 Ἀφρο-

87 2682 291 2696 —n—-

89 2770 289 2855 ἀρχαιολογίφ
302 2765 440 2848 ἱστορίας
449 2770 486 2838 R,
503 2761 674 2846 Ἰουδαϊκῆς
687 2763 903 2848 ἀρχαιολογίας
916 2763 1054 2847 ἱστορίας
1068 2766 1145 2826 HV.
1163 2768 1243 2844 loeus

88 2881 133 2928 est
153 2868 200 2925 Al.
222 2871 249 2934 5,
268 2870 296 2924 2.
323 2865 370 2920 ubi
390 2862 476 2920 codd.
498 2855 619 2938 Βεζίκη.
698 2867 744 2920 22.
766 2859 937 2938 σημείωααι
956 2863 993 2921 R.
1071 2867 1119 2920 23.
1139 2853 1244 2938 κύριος

88 2960 239 3040 Iosephus,
259 2952 372 3036 κυρίως
391 2955 465 3013 libri.
562 2959 590 3013 1.
610 2952 747 3032 Ζιιρινία
767 2956 828 3025 AV,
849 2953 989 3035 Ζηρηνία
1008 2956 1045 3014 R.
1134 2959 1162 3013 2.
1182 2953 1243 3030 Ζη·

89 3047 234 3130 ρηνιιίτης
251 3053 289 3122 R,
308 3041 467 3129 Ζηριύτης
485 3047 523 3116 V,
543 3041 707 3125 Ζιιραίτης
726 3052 760 3107 Α.
838 3055 866 3108 3.
878 3051 907 3108 4.
921 3043 1071 3125 Ὅμηρος]
1089 3050 1121 3107 ll.
1134 3053 1161 3117 2,
1175 3047 1243 3107 824.

88 3153 115 3208 5.
135 3143 324 3226 Ποσιδίππφ
343 3145 419 3202 libri.
521 3136 614 3216 Ζελίη
635 3141 703 3198 add.
724 3143 890 3200 Eustatbiue
912 3141 951 3198 ad
970 3143 1055 3198 Hom.
1076 3161 1105 3218 p.
1127 3141 1193 3206 354,
1213 3143 1242 3199 8.

88 3245 116 3300 5.
128 3246 156 3299 6.
169 3243 254 3299 rerba
273 3233 309 3296 τὸ
330 3229 454 3296 ίθνικδν
467 3230 611 3309 Ζελείτης
629 3235 659 3291 ia
680 3235 757 3292 libris
777 3247 845 3314 post
864 3229 961 3312 αὐτήν
981 3249 1078 3312 φασιν
1097 3233 1241 3307 leguntur.

86 3340 115 3394 7.
128 3326 279 3414 φρούριον
294 3325 443 3402 Κυζίκου]
466 3329 529 3383 Hoc
550 3346 607 3384 non
627 3328 771 3385 diversum
791 3348 856 3387 esse
877 3330 913 3385 ab
934 3329 1003 3384 urbe
1024 3327 1113 3384 Zelea
1133 3321 1243 3380 monuit

86 3427 123 3485 B.
233 3428 262 3484 8.
281 3419 349 3500 περί
371 3420 439 3479 add.
460 3419 496 3478 B.
599 3416 813 3490 Ποσείδιππος
831 3423 868 3490 V,
888 3416 1085 3485 Ποσίδιππος
1104 3418 1165 3474 AR.

85 3529 115 3581 9.
136 3511 308 3590 Πάνδαρον
327 3514 368 3580 Μ,
387 3505 558 3588 Πάνδαρος
577 3515 651 3572 libri.
757 3505 914 3592 τετύφθαι
934 3513 973 3580 Μ,
993 3507 1147 3569 τέθαπται
1167 3508 1243 3568 libri.

21 3617 28 3632 ’
86 3607 167 3691 φησί
184 3611 218 3677 R,
239 3603 337 3688 φασίν
355 3606 417 3663 AV.
496 3599 740 3666 9.10.Λυκα’ων
759 3608 833 3677 libri,
853 3599 1109 3683 ηοοδΛυκαονίη
1130 3602 1243 3680 scripsi,

86 3706 142 3762 nisi
162 3703 245 3760 malis
264 3691 381 3758 Λυκιίν
400 3710 429 3758 et
449 3709 588 3776 sequente
609 3719 691 3758 versu
712 3697 815 3779 Ζελίῃ.
836 3700 874 3758 de
892 3691 1010 3758 Λυκύν
1028 3717 1082 3776 pro
1100 3686 1244 3755 Λυκάων

86 3798 124 3854 es.
146 3818 170 3854 τ.
191 3813 218 3852 τ.
237 3788 414 3850 Λυκαονία.
513 3799 559 3852 10.
580 3789 688 3868 Ζιλείη
707 3794 743 3861 R,
762 3789 888 3869 Ζελείτην
908 3791 969 3848 AV.
1050 3785 1182 3866 προχοαί
1201 3788 1242 3856 Μ,

86 3889 237 3966 προχοῇσι
258 3887 332 3954 libri,
357 3882 474 3964 προχοὴ
496 3886 555 3944 alii.
581 3885 684 3943 lacuna
711 3888 856 3963 absorpsit
881 3893 1089 3964 pentametrum
1110 3902 1173 3940 cum
1195 3881 1241 3938 di-

85 3984 173 4040 midio
198 3982 366 4038 hexametri.
392 3991 518 4038 ceterum
543 3978 696 4057 Posidippi
722 3981 809 4036 rerba
833 3997 891 4035 non
912 3995 948 4034 ex
965 3977 1093 4034 earmina
1113 3975 1242 4051 elegiaco

86 4077 213 4154 (Jacobs.
227 4072 323 4131 Catal.
340 4082 418 4152 poet.
429 4072 513 4130 Anrb.
529 4093 559 4151 p.
571 4069 641 4146 842)
663 4071 763 4148 perita,
784 4071 836 4128 sed
856 4071 1069 4148 epigrammatis
1090 4066 1240 4146 sepulcra·

85 4169 120 4225 lis
141 4179 252 4246 partem
273 4184 338 4225 esse
358 4163 539 4223 crediderim.
643 4165 689 4221 14.
711 4159 880 4239 καλωνίτης
899 4163 962 4220 RV.
1061 4163 1107 4220 15.
1129 4151 1242 4225 καλῶς

85 4258 136 4318 καὶ
158 4261 193 4318 V.
293 4263 340 4316 19.
360 4254 407 4315 ἐπί
430 4253 562 4337 ζεφύρου
583 4259 646 4318 RV.
735 4248 816 4328 ἄκρα
837 4256 892 4332 τῆς
910 4250 1089 4331 Αἰγύπτου]
1111 4249 1242 4326 Hedylus

85 4353 164 4430 apud
181 4351 317 4410 ,libem'l
336 4371 366 4428 p.
378 4355 435 4410 318
447 4351 474 4408 d.
497 4352 534 4408 de
555 4354 674 4410 Arsinoe
689 4347 861 4426 Aplrmdite:
882 4340 921 4422 ἢν
940 4341 1002 4423 ἄρα
1023 4340 1244 4420 κοιρανίουσαν
