2866 5092
597 227 647 300 43

36 405 155 478 λιιόν”
195 403 424 498 Κτραμιήτης.
467 405 507 474 τό
536 408 574 476 δὲ
604 401 768 492 πολιήτης
801 405 1015 490 πλεονασμόν
1040 402 1111 498 Ιἔχοι
1141 413 1202 475 τοῦ

39 533 67 616 i,
88 523 138 611 ὡς
159 529 200 598 τό
223 522 406 615 μυθιήτης,
429 522 512 616 ὅπερ
536 521 610 594 οὐδ’
632 520 778 606 ἐθνικόν,
800 525 857 592 καὶ
875 526 914 594 τό
933 521 1115 616 Ἰουλιήτης
1128 522 1199 596 άπό
1313 563 1317 572 ·

39 651 97 714 τοῦ
110 642 287 734 Ἰουλίτης.
316 644 355 712 τό
373 645 411 712 δὲ
427 639 655 734 Βαργυλιήτης
671 641 727 709 ταὶ
744 643 988 734 Μασσαλιήτης
1003 645 1198 734 τέτραπται.

42 764 76 832 τό
107 766 148 834 δὲ
169 762 323 854 κωμήτης
344 757 488 850 Σιδήτης
511 759 668 852 λιμνήτης
687 758 905 851 τριοόλλαβα.
949 761 1019 834 άπὸ
1047 768 1108 831 τοῦ
1128 762 1197 833 Αἱ-

43 880 174 972 γινήτης
203 877 424 971 Αἰγινητικός
452 881 492 952 τὸ
520 880 671 968 κτητικόν
697 882 755 950 καὶ
780 879 980 970 Αλγινητιιιή
1011 884 1067 951 καὶ
1093 881 1223 970 Ain-⁵

45 999 185 1089 τητιιιόν.

1 1187 2 1202 ,
125 1117 371 1209 Αἰγινήτης,
402 1116 576 1203 πολίχνιον
604 1117 661 1186 καὶ
686 1120 840 1202 ποταμὸς
860 1117 1117 1210 Παφλαγονίας.
1159 1119 1199 1188 τό

48 1236 181 1308 aarum
202 1235 329 1324 ὁμοίως
350 1239 410 1312 διὰ
431 1237 492 1326 τήν
512 1241 573 1308 τοῦ
593 1234 817 1326 πρωτοτύπου
837 1235 1022 1331 πρόληψιν.
1054 1235 1144 1308 ἔοικε
1161 1239 1199 1306 δὲ

1 1369 2 1376 ’
50 1356 82 1423 τὸ
110 1350 217 1442 ὄνομα
247 1359 371 1446 δηλοῦν
399 1357 458 1444 τήν
484 1355 519 1424 ἐν
544 1359 593 1444 τῷ
618 1351 741 1444 Πόντῳ
767 1353 927 1444 Αἴγιναν.
970 1357 1197 1447 Παφλαγονία

1 1503 2 1530 ι
52 1475 105 1566 γάρ
126 1481 173 1564 τῷ
194 1472 317 1565 Πόντῳ
338 1470 485 1562 συνεχής.
1209 1511 1237 1550 1⁰

126 1591 339 1682 Λίγίνιον,
372 1589 474 1673 πόλις
499 1587 680 1681 Ἰλλυριῶν,
710 1588 756 1672 ὡς
782 1588 951 1681 Στράβων.
994 1593 1034 1662 τὸ
1061 1595 1198 1666 λθνικόν

54 1709 229 1798 Αλγινιεός.

11 1955 13 1975 ’
55 1995 138 2034 rotor
157 1972 318 2036 αλπολαιόν
338 1970 515 2052 (αλπολικαλ
531 1975 571 2050 V)
594 1973 765 2032 Callimachi
785 1985 851 2032 sunt
871 1978 972 2044 verba,
996 1976 1111 2055 plenius
1136 1997 1198 2037 ser·

11 2075 14 2096 ¹
56 2079 108 2126 rata
125 2090 144 2128 a
158 2071 252 2130 schol.
267 2069 417 2128 Theocriti
430 2073 524 2138 7,103
543 2063 618 2126 Πὰν
637 2060 851 2144 ὃΜαλειάτης
863 2061 1020 2146 τρύπανον
1033 2065 1199 2136 αλπολικόν.

55 2161 86 2218 ita
106 2165 182 2222 enim
208 2162 393 2220 scribendum
419 2172 476 2232 est,
502 2181 565 2218 cum
591 2159 676 2236 vulgo
702 2159 815 2236 legatur
832 2158 908 2218 Πὰν
924 2155 1111 2240 Ὀμαλιήτης
1128 2157 1197 2242 τρό-

55 2273 138 2312 ιιιινον
158 2245 327 2312 αλπολικόν.
349 2273 402 2311 nec
423 2254 539 2310 dubium
560 2261 604 2310 est
625 2253 692 2328 quin
712 2253 742 2309 id
763 2255 849 2311 etiam
871 2253 1061 2312 Casaubonos
1083 2255 1197 2333 aliique,

55 2349 92 2422 qni
109 2351 167 2406 ista
188 2367 254 2405 cum
274 2347 338 2404 loco
360 2345 439 2424 apud
457 2345 640 2422 Stephanum
660 2355 891 2424 composuerunt,
911 2347 1057 2416 vidissent,
1077 2351 1102 2406 ri
1116 2349 1199 2408 Pana

10 2457 12 2467 ’
53 2439 198 2500 ἰαλίιλαιια
218 2441 416 2518 promontorio
436 2439 539 2496 exuuio
558 2438 669 2498 honore
689 2439 796 2498 coitum
815 2439 906 2499 fuisse
926 2441 1071 2500 recordati
1091 2456 1198 2513 essent,

6 2551 127 2608 quam
147 2535 177 2592 in
197 2551 257 2591 rem
277 2542 394 2610 praeter
410 2531 531 2590 Pindari
550 2531 653 2608 fragm.
676 2535 724 2590 57.
750 2533 878 2610 inprimis
899 2534 1032 2592 notabilia
1053 2544 1097 2591 est
1116 2534 1196 2594 locus

2 2609 8 2655 i
50 2622 222 2694 Pollucisl,
243 2625 310 2684 10-1.
335 2644 374 2701 ην
394 2619 430 2682 ιλέ
446 2643 514 2682 τινα
534 2621 585 2681 καλ
604 2616 814 2680 Λακωνικιλ’
800 2618 961 2700 ορχήματα
982 2621 1034 2681 «liri
1053 2623 1196 2698 Μαλέας,

49 2713 183 2794 Σειληνοὶ
209 2715 260 2775 ami
286 2711 331 2776 ἔπ’
358 2710 462 2784 αὐτοῖς
483 2708 619 2792 Σάτυροι
644 2707 844 2792 ὖπότροχα
829 2707 1019 2792 ορχοόμενοι.
1048 2717 1089 2773 ita
1114 2721 1197 2790 enim,

48 2807 93 2867 διὰ
112 2755 258 2878 Μαλέας,
278 2811 414 2867 librorum
434 2809 523 2868 ductu
543 2827 607 2866 cum
628 2809 649 2866 l.
669 2808 710 2866 M.
732 2809 864 2866 Gesnero
884 2809 1067 2866 scribendum
1087 2822 1150 2870 erat
1169 2824 1199 2872 et

45 2923 118 2962 ιιαιιο
137 2905 254 2982 scripsit
272 2903 423 2962 Bellerur
442 2921 496 2981 pro
516 2902 594 2962 edito
615 2895 775 2975 δειμαλία,
802 2901 832 2958 in
857 2919 914 2978 quo
933 2901 1040 2962 frustra
1059 2901 1200 2965 laborarit

45 2995 185 3054 ilrillerua
204 2997 274 3054 Dor.
296 2996 384 3053 rol.2
404 3015 435 3072 p.
448 2994 514 3051 343.
536 2994 574 3050 ad
594 2993 763 3050 Callimachi
784 2995 878 3050 locum
899 3004 930 3050 ut
948 2994 1075 3066 redeam,
1095 2999 1198 3060 eadem

44 3089 208 3148 emendatio
233 3088 343 3167 placuit
365 3086 512 3145 Lobeclrio
536 3086 650 3143 Parhol.
676 3105 707 3164 p.
727 3090 794 3144 523.
823 3086 870 3143 cll.
896 3086 1008 3143 Glauco
1027 3089 1113 3147 Anth.
1134 3091 1196 3150 Pal.

43 3187 70 3249 9,
82 3184 152 3240 311.
172 3177 247 3238 Πὰν
266 3175 341 3236 Πὰν
359 3173 436 3258 πρὸς
455 3175 598 3247 Μαλέαν,
619 3173 697 3254 πρὸς
717 3171 789 3256 όρος
812 3175 976 3258 Ψωφίδιον
994 3173 1091 3254 ἔρχευ.
1112 3186 1199 3241 verba

43 3267 106 3332 ἕστι
127 3268 161 3332 ol
181 3271 298 3332 reclusi.
387 3276 415 3330 1.
435 3263 583 3347 πολιήτης
601 3269 780 3348 παραλῆγον
799 3265 858 3346 ἔχει
877 3269 922 3351 τῷ
941 3271 963 3348 η’
980 3271 1017 3328 R.
1095 3277 1124 3332 2.
1144 3293 1199 3348 μυ·

42 3359 169 3442 θιήτης]
196 3385 222 3424 r.
243 3364 456 3438 Choliambogr.
481 3383 512 3442 p.
534 3364 598 3420 142.
625 3371 655 3422 et
678 3363 785 3439 Bergk.
814 3364 852 3422 ad
871 3365 975 3422 Anacr.
1003 3383 1032 3441 p.
1055 3368 1121 3424 166.

43 3463 70 3516 3.
90 3451 309 3536 Βαργυλιήτας
327 3456 535 3534 spanhemius,
559 3448 770 3534 Βαρδιλιήτης
787 3458 823 3526 R,
847 3448 1066 3534 Βαριληλιήτης
1085 3459 1147 3517 AV.

42 3543 276 3625 Μασσαλιήτης
295 3549 465 3617 Salmasius,
483 3545 718 3623 Μασσαλαλτης
737 3549 812 3608 libri.
890 3552 918 3606 5.
938 3543 1136 3625 Αλγινητικός
1154 3549 1198 3620 Π,

43 3633 242 3720 Αλγινηταιόν
260 3644 295 3708 Α,
314 3633 482 3716 Αλγινητόν
501 3640 538 3709 V,
556 3632 722 3716 Αλγινήται
741 3642 778 3699 R.
857 3638 908 3698 καλ
929 3660 985 3700 om.
998 3642 1033 3700 R.
1111 3640 1200 3720 Αλγι-

43 3726 147 3810 νητιιιή
167 3733 231 3802 RV,
250 3724 448 3808 Αλγινητικός
462 3736 498 3792 Α.
576 3737 604 3791 5.
615 3737 644 3790 6.
657 3730 709 3792 κοιλ
726 3726 926 3810 Αλγινητικόν
944 3733 985 3802 Μ,
1004 3728 1055 3790 καλ
1074 3731 1199 3810 Αἰγινη-

44 3818 123 3894 ταός
142 3829 178 3895 Α,
198 3843 255 3884 om.
275 3825 340 3882 RV.
369 3833 494 3883 ceterum
519 3825 687 3884 exciderunt
712 3827 741 3884 in
760 3827 816 3884 hoc
834 3834 969 3884 tmcmate
990 3827 1099 3893 omnia,
1124 3846 1199 3903 quae

44 3921 165 3995 temptor
191 3919 230 3976 de
256 3918 368 3974 duabus
393 3917 511 3993 reliquia
536 3918 668 3994 Aeginia,
694 3917 815 3976 Pontica
841 3926 870 3976 et
893 3916 1082 3994 Epidaurica,
1116 3920 1198 3978 adie-

44 4021 128 4068 cerat.
248 4013 278 4068 7.
298 4005 460 4086 Αλγινλτης
477 4010 513 4068 R.
543 4011 666 4068 Arriano
690 4010 756 4068 Per.
777 4009 861 4068 Pom.
882 4009 955 4067 Eur.
975 4029 1006 4087 p.
1028 4013 1074 4068 15.
1098 4010 1201 4070 dicitur

44 4099 211 4180 Αλγινῆτις.
245 4102 402 4160 mareolam
431 4102 553 4160 sormam
579 4112 675 4161 tuetur
698 4101 846 4160 consimile
869 4119 975 4160 nomen
999 4101 1076 4160 iufra
1100 4115 1200 4161 nostro

45 4205 228 4253 montom
248 4190 399 4269 Διοχίτης
418 4187 504 4271 κώμη
517 4188 680 4272 Αἰγύπτου
701 4193 827 4254 sortasse
847 4197 932 4253 etiam
945 4189 1140 4270 Ἅρματλτης,
1162 4194 1200 4254 de

48 4305 99 4362 qoo
119 4289 185 4346 ride
206 4307 230 4346 ι.
247 4307 272 4343 ι.
287 4275 399 4362 Ἅρμα.
476 4291 504 4346 8.
515 4279 673 4362 πρόληψιν
691 4288 754 4356 RV,
775 4279 872 4364 ἀρχήν
891 4291 926 4346 Α.
1004 4293 1032 4346 9.
1046 4275 1116 4352 ὄνος
1135 4287 1199 4344 RV.

50 4373 266 4454 11.Ἰλλυρι’ων
286 4378 350 4435 RV.
448 4370 614 4455 Στράβων]
633 4385 652 4438 7
672 4400 700 4457 p.
722 4385 788 4439 327.
