2880 5092
711 257 786 329 552

121 485 128 498 ·
169 438 356 530 μνσήσσιος
376 465 433 507 και
423 433 686 526 Σαλμυδησσία
701 435 759 502 καί
772 429 1059 520 Σαλμυδησσηνσί.
1094 428 1114 518 ἡ
1132 429 1205 502 ἀπὸ
1221 429 1336 501 τόπου

171 563 282 646 σχέσις
306 554 603 646 Σαλμυδησσόθεν.

257 675 462 762 Σόλμυκα,
491 674 594 755 πόλις
621 674 714 760 περὶ
724 674 785 753 τὰς
800 670 1007 761 Ἡρακλέους
1028 637 1164 757 στήλας.
1208 665 1249 734 τό
1271 667 1334 736 ἐθ-

171 797 264 867 νικὸν
287 791 332 876 ὡς
355 792 425 864 ἀπὸ
447 800 507 884 τῆς
527 793 703 880 Σόλμυκσς
724 784 975 875 Σαλμοκῖνος(
952 815 998 868 ως
1015 777 1192 872 Ἐρυκῖνσς.

101 973 103 978 .
148 942 160 981 a
259 911 472 1002 Σαλμιόνη,
503 913 605 995 πόλις
631 918 690 1002 τῆς
711 907 901 988 Πισάτιόος
927 909 984 976 καὶ
1011 902 1111 994 κρήνη
1138 900 1333 988 ὁμωνύμως,

174 1031 245 1102 ἀπὸ
266 1037 328 1102 τοῦ
349 1034 557 1117 Σαλμωνέως
582 1039 642 1100 τοῦ
663 1031 840 1117 βασιλέως.
886 1024 906 1097 ὁ
929 1024 1068 1113 πολίτης
1089 1020 1293 1106 Σαλμωνεύς
1313 1017 1334 1110 ἢ

173 1151 406 1239 Σαλμωνείτης
427 1147 474 1230 ὡς
496 1149 716 1240 Ἀταρνείτης.
758 1151 797 1216 τὸ
820 1147 969 1237 θηλυκόν
990 1147 1226 1228 Σαλμωνεῖτις.

258 1268 441 1350 Σόλωνα,
464 1266 567 1349 πόλις
586 1267 758 1360 Ἰλλυρίας.
778 1347 779 1358 ¹
799 1267 839 1335 τὸ
861 1264 998 1335 ἐθνικόν
1019 1261 1222 1348 Σαλωνίτης.
1269 1257 1333 1328 είσί

178 1390 234 1458 καί
247 1397 277 1456 Σ
282 1389 435 1455 αλιῦναι
457 1384 557 1468 πόλις
573 1386 776 1472 Δαλματίας,
800 1377 846 1453 ὧν
859 1379 1033 1462 Σαλωνεός
1053 1381 1093 1450 τὸ
1115 1377 1265 1460 ἔθνικόν,
1290 1373 1335 1458 ὡς

136 1533 163 1572 ιο
175 1504 324 1595 Πρίσκος
345 1505 380 1573 ἐν
403 1503 495 1593 ἕκτῳ.

259 1622 485 1704 Σαλώνεια,
508 1621 610 1704 πόλις
633 1623 810 1706 Βιθυνίας.
846 1624 903 1691 καί
924 1618 1029 1702 τόπος
1050 1617 1196 1688 Σόλων
1216 1614 1334 1685 Σόλω-

175 1770 242 1826 νος.
287 1741 306 1812 ό
334 1747 498 1812 κατοικῶν
524 1742 741 1832 Σαλωνείιης.
787 1739 847 1810 οὐκ
876 1739 947 1811 ἔστι
976 1741 1014 1809 δὲ
1041 1743 1101 1807 τοῦ
1128 1734 1288 1816 Σόλωνος
1316 1731 1334 1804 ό

175 1862 394 1951 Σαλωνείτης,
418 1857 505 1930 ἄλλοί
526 1860 807 1949 τῆςΣαλωνείας.
853 1861 986 1949 λέγεται
1008 1859 1065 1927 καὶ
1086 1862 1292 1936 Σαλωναῖος.

260 1989 289 2049 Σ
295 1979 487 2067 αμόρεια,
505 1976 605 2059 πόλις
620 1975 864 2069 τῆςἸουιλαιάς,
882 1977 903 2068 ἡ
918 1980 1214 2063 μετονομασθεῖσα
1230 1983 1266 2042 Ν
1271 1970 1334 2042 ed·
1353 2051 1356 2070 ³

139 2129 163 2168 ιι
176 2099 274 2166 πολι
280 2123 308 2177 ς.
338 2095 655 2188 καίἘπαφρόόιτος
668 2100 729 2183 μὲν
743 2100 782 2167 τό
800 2095 938 2167 ἐθνικὸν
953 2095 1054 2187 αὐτῆς
1069 2091 1246 2184 Σαμαρεός
1260 2087 1335 2161 εἶπε

175 2219 232 2284 καί
248 2216 308 2308 τόν
323 2213 456 2304 πρώτην
472 2217 642 2305 συλλαβην
657 2214 824 2306 ἐμήκυνεν,
847 2213 867 2285 ό
885 2215 914 2286 δ’
933 2214 1101 2298 Ἀντίοχος
1115 2213 1336 2303 Σαμαρείτης.

176 2454 423 2533 1.Σαλμοό“ησιά
443 2459 478 2516 R.
557 2453 653 2535 ἡοια.
666 2461 731 2517 RV.
811 2464 839 2516 3.
852 2451 1003 2533 Σιλλμυκα
1023 2461 1154 2522 etiams.
1176 2473 1203 2514 v.
1229 2452 1336 2533 Τρίτη,

176 2560 206 2606 ιιι
229 2542 378 2625 Σαλμόκη
408 2571 432 2608 ι.
453 2568 478 2606 v.
504 2543 688 2625 Ἀκκαβικόν
713 2555 825 2626 τεῖχος,
856 2552 945 2628 idque
976 2552 1078 2612 melius
1109 2550 1244 2608 convenit
1274 2567 1336 2604 cum

69 2683 71 2688 -
172 2636 285 2719 Ἔριίκη
306 2652 335 2700 et
348 2633 452 2720 Ἔρυξ.
526 2637 730 2721 Ἡρακλέους]
746 2639 950 2720 Ἡρακλείους
969 2644 1042 2701 solet
1062 2655 1161 2700 noster
1183 2643 1226 2700 vel
1241 2636 1338 2718 Ἡρα·

176 2732 286 2808 κλείας.
365 2737 394 2792 4.
415 2729 457 2804 ὡς
477 2736 545 2794 add.
558 2738 622 2794 RV.
701 2732 904 2811 Σαλμυκηνός
924 2729 965 2804 ὡς
981 2727 1147 2812 Ἐρυκηνός
1167 2737 1242 2805 libri,
1265 2755 1337 2792 corr.

176 2828 317 2888 Millerua.
426 2833 452 2888 5.
474 2823 642 2904 Σαλμώνη]
665 2825 833 2904 Σαλμωνίιι
855 2828 932 2906 apud
953 2827 1040 2884 Diod.
1061 2829 1120 2887 Sic.
1141 2830 1169 2896 4,
1190 2833 1246 2887 68.
1261 2827 1339 2904 quod

177 2915 362 2994 Σαλμιόνιια
389 2921 571 2979 scribendum
597 2931 625 2978 et
650 2922 687 2978 ad
714 2922 790 2979 hane
810 2921 931 2979 formam
953 2921 1145 2978 revocandum
1165 2932 1210 2980 est
1230 2921 1338 2996 gentile

63 3031 64 3034 ¹
177 3009 409 3094 Σαλμωνείτης,
437 3013 514 3088 quod
541 3006 731 3091 αΣαλμιόνη
759 3015 865 3073 deduci
888 3033 945 3070 non
971 3023 1077 3091 potest.
1103 3014 1230 3072 sortasse
1251 3015 1339 3090 igitur

176 3115 326 3184 utramque
346 3103 468 3168 formam
489 3105 655 3184 Stephanus
677 3117 960 3166 commemoraverat.
1044 3109 1071 3163 6.
1093 3107 1150 3164 τοῦ
1170 3117 1236 3164 ante
1259 3103 1337 3164 Σαλ-

174 3191 300 3270 μωνέως
320 3216 375 3256 om.
396 3198 432 3256 R.
525 3200 553 3256 7.
576 3193 768 3273 Σαλμωνῖτις
788 3197 825 3256 V.
915 3201 942 3256 8.
964 3193 1156 3276 Σαλωνίτης]
1179 3191 1339 3266 Σαλώνιος

176 3308 274 3385 posuit
294 3327 318 3365 s.
339 3327 365 3364 v.
386 3301 526 3375 Σιίνιλων,
548 3306 603 3363 nisi
623 3307 653 3362 id
673 3301 854 3384 Σαλμώνιυς
873 3319 926 3365 est.
1009 3313 1037 3367 9.
1058 3286 1202 3392 Σόλωνίξ
1221 3309 1259 3366 R.
1281 3300 1339 3364 Σό-

175 3399 245 3469 λων,
268 3417 354 3468 ωνος,
377 3399 480 3456 dicitur
500 3397 579 3478 apud
599 3399 695 3457 Strab.
707 3404 726 3460 7
740 3421 769 3480 p.
781 3405 847 3460 315.
867 3401 999 3458 Cinnam.
1014 3401 1126 3468 aises,
1139 3405 1175 3462 17
1197 3402 1339 3477 aliosque.
1375 3471 1381 3484 ¹

176 3493 318 3571 pluralem
339 3511 396 3550 non
418 3493 474 3567 legi
495 3491 550 3548 nisi
571 3489 649 3570 apud
664 3490 777 3552 Socrat.
791 3493 864 3550 Hist.
879 3493 1053 3560 aceram.
1069 3495 1116 3550 ubi
1137 3495 1181 3552 bis
1203 3495 1340 3575 seriptum

176 3595 221 3642 eat
247 3581 289 3652 είς
309 3581 472 3651 Σαλῶνας,
499 3585 554 3640 nisi
580 3583 610 3640 id
630 3575 780 3652 Σαλώνας
799 3584 980 3644 scribendum
1003 3596 1055 3643 eat.
1083 3578 1232 3654 Σόλωνα,
1262 3586 1340 3664 quod

178 3686 277 3732 noster
296 3677 326 3733 in
345 3676 478 3736 lemmate
499 3677 605 3754 posuit,
624 3695 767 3751 nusquam
788 3679 914 3755 repperi.
999 3674 1180 3753 Διλματιάς
1200 3680 1237 3749 V,
1257 3677 1339 3738 Δαλ-

177 3761 292 3841 ματίας
305 3768 366 3826 AR.
447 3772 548 3827 1213.
561 3764 739 3844 Σαλωνίτης
753 3779 874 3843 utroque
887 3770 951 3826 loco
963 3770 1025 3828 RV.
1101 3777 1147 3831 18.
1159 3770 1339 3840 Σαλωναῖσς

178 3879 273 3935 neque
300 3862 339 3919 ad
359 3854 519 3919 Σαλιόνιια
545 3879 640 3942 neque
668 3860 704 3917 ad
731 3853 843 3918 Σόλων
869 3861 970 3921 referri
996 3865 1106 3948 pateat,
1136 3866 1188 3922 sed
1215 3868 1347 3945 pertinet

178 3952 215 4010 ad
237 3949 389 4012 Σαλῶναι.
508 3955 553 4011 14.
576 3955 631 4029 τῆς
651 3953 718 4011 add.
740 3954 776 4010 R.
896 3959 942 4014 15.
964 3949 1062 4030 αὐτῆς
1081 3952 1115 4014 τό
1138 3953 1320 4017 ἓθνικὸνλλ.

179 4048 225 4102 16.
246 4039 406 4122 ἕμήκυνεν]
428 4045 644 4121 Epaphroditua
669 4046 756 4122 igitur
780 4056 896 4104 secutus
922 4057 967 4104 est
992 4067 1043 4106 eos
1070 4051 1118 4125 qui
1140 4051 1302 4108 Samariam
1324 4071 1342 4108 a

178 4131 249 4212 σῆμ’
265 4128 379 4214 Αριως
399 4136 504 4192 dictam
525 4145 673 4246 putarent.³
691 4135 728 4194 cf.
741 4137 863 4212 Etymol.
876 4141 915 4197 Μ.
928 4159 957 4218 p
970 4143 1080 4208 7086.
1101 4135 1192 4199 ἐν’
1154 4143 1234 4247 συνῇ
1248 4136 1343 4220 Ἄρης

172 4221 360 4307 Ἀσκαλόιμο
381 4227 424 4306 τῷ
445 4222 503 4283 ιίιῦ
523 4220 682 4304 τόμβον”
663 4248 790 4304 ιχωσεν,
807 4216 879 4288 ἐν
853 4251 877 4312 ῳ
893 4253 944 4290 και
937 4228 1113 4309 ἐπέγραψε
1129 4233 1223 4291 τοῦτο
1247 4229 1341 4318 σῆμ

171 4311 322 4390 ””4ριως
304 4339 417 4393 ιτυιων
435 4315 625 4425 βεβοημίνον
644 4314 749 4382 ἑλλάδι
771 4341 846 4402 mm
830 4344 854 4380 α
851 4291 1055 4403 2⁸(rprarffl)
1024 4314 1121 4383 ov'vea'
1136 4317 1231 4402 Ἄρης
1245 4322 1342 4406 ταύτῃ

178 4401 320 4464 τίκνον”
302 4429 397 4484 ιχωσι
419 4402 537 4467 πόλιι”.
566 4431 619 4469 nec
647 4413 763 4473 dubium
792 4417 859 4490 quin
886 4419 950 4498 ipso
974 4417 1023 4474 illo
1045 4420 1254 4496 epigrammate
1277 4441 1344 4478 usus
