<?xml version="1.0" encoding="UTF-8"?>
<!DOCTYPE html PUBLIC "-//W3C//DTD XHTML 1.0 Transitional//EN"
    "http://www.w3.org/TR/xhtml1/DTD/xhtml1-transitional.dtd">
<html xmlns="http://www.w3.org/1999/xhtml" xml:lang="en" lang="en">
 <head>
  <title>
</title>
<meta http-equiv="Content-Type" content="text/html;charset=utf-8" />
  <meta name='ocr-system' content='tesseract 3.04.00' />
  <meta name='ocr-capabilities' content='ocr_page ocr_carea ocr_par ocr_line ocrx_word'/>
</head>
<body>
  <div class='ocr_page' id='page_1' title='image "./stephanibyzanti00meingoog_0267.png"; bbox 0 0 2902 5070; ppageno 0'>
   <div class='ocr_carea' id='block_1_1' title="bbox 766 211 842 288">
    <p class='ocr_par' dir='ltr' id='par_1_1' title="bbox 766 211 842 288">
     <span class='ocr_line' id='line_1_1' title="bbox 766 211 842 288; baseline -0.053 0"><span class='ocrx_word' id='word_1_1' title='bbox 766 211 842 288; x_wconf 76' lang='lat'><strong><em>254</em></strong></span> 
     </span>
    </p>
   </div>
   <div class='ocr_carea' id='block_1_2' title="bbox 161 384 1383 2139">
    <p class='ocr_par' dir='ltr' id='par_1_2' title="bbox 161 384 1383 2139">
     <span class='ocr_line' id='line_1_2' title="bbox 227 384 1381 481; baseline -0.003 -19"><span class='ocrx_word' id='word_1_2' title='bbox 227 388 460 471; x_wconf 81' lang='grc' dir='ltr'><strong><em>Δευκαλίωνος</em></strong></span> <span class='ocrx_word' id='word_1_3' title='bbox 479 391 640 475; x_wconf 80' lang='grc' dir='ltr'><strong><em>βασιλέος</em></strong></span> <span class='ocrx_word' id='word_1_4' title='bbox 663 384 744 478; x_wconf 73' lang='grc' dir='ltr'><strong><em>ᾤκεε</em></strong></span> <span class='ocrx_word' id='word_1_5' title='bbox 765 392 825 481; x_wconf 89' lang='grc' dir='ltr'><strong><em>τήν</em></strong></span> <span class='ocrx_word' id='word_1_6' title='bbox 851 395 1014 471; x_wconf 74' lang='grc' dir='ltr'><strong><em>Φθιῶτιν,</em></strong></span> <span class='ocrx_word' id='word_1_7' title='bbox 1038 387 1096 460; x_wconf 68' lang='lat' dir='ltr'><strong><em>int</em></strong></span> <span class='ocrx_word' id='word_1_8' title='bbox 1118 391 1156 459; x_wconf 82' lang='grc' dir='ltr'><strong><em>δέ</em></strong></span> <span class='ocrx_word' id='word_1_9' title='bbox 1178 384 1299 478; x_wconf 83' lang='grc' dir='ltr'><em>Δώρου</em></span> <span class='ocrx_word' id='word_1_10' title='bbox 1320 395 1381 458; x_wconf 85' lang='grc' dir='ltr'><strong><em>τοῦ</em></strong></span> 
     </span>
     <span class='ocr_line' id='line_1_3' title="bbox 218 502 1381 598; baseline -0.002 -19"><span class='ocrx_word' id='word_1_11' title='bbox 218 510 378 598; x_wconf 76' lang='grc' dir='ltr'><strong><em>Ἕλληνος</em></strong></span> <span class='ocrx_word' id='word_1_12' title='bbox 406 509 466 598; x_wconf 85' lang='grc' dir='ltr'><strong><em>τήν</em></strong></span> <span class='ocrx_word' id='word_1_13' title='bbox 495 504 564 577; x_wconf 82' lang='grc' dir='ltr'><strong><em>ὑπό</em></strong></span> <span class='ocrx_word' id='word_1_14' title='bbox 594 508 654 596; x_wconf 87' lang='grc' dir='ltr'><strong><em>τήν</em></strong></span> <span class='ocrx_word' id='word_1_15' title='bbox 675 502 802 578; x_wconf 81' lang='grc' dir='ltr'><strong><em>Ὄσσαν</em></strong></span> <span class='ocrx_word' id='word_1_16' title='bbox 832 535 869 577; x_wconf 90' lang='grc' dir='ltr'><strong><em>τε</em></strong></span> <span class='ocrx_word' id='word_1_17' title='bbox 900 509 958 577; x_wconf 83' lang='grc' dir='ltr'><strong><em>καί</em></strong></span> <span class='ocrx_word' id='word_1_18' title='bbox 987 507 1047 576; x_wconf 91' lang='grc' dir='ltr'><strong><em>τδν</em></strong></span> <span class='ocrx_word' id='word_1_19' title='bbox 1066 502 1241 592; x_wconf 80' lang='grc' dir='ltr'><strong><em>’Όλυμπον</em></strong></span> <span class='ocrx_word' id='word_1_20' title='bbox 1272 505 1381 598; x_wconf 87' lang='grc' dir='ltr'><strong><em>χῶρην</em></strong></span> 
     </span>
     <span class='ocr_line' id='line_1_4' title="bbox 161 621 1380 717; baseline -0.001 -20"><span class='ocrx_word' id='word_1_21' title='bbox 161 653 164 664; x_wconf 90' lang='grc'><strong><em>’</em></strong></span> <span class='ocrx_word' id='word_1_22' title='bbox 226 628 427 715; x_wconf 67' lang='grc' dir='ltr'><strong><em>καλεομένην</em></strong></span> <span class='ocrx_word' id='word_1_23' title='bbox 444 622 658 707; x_wconf 75' lang='grc' dir='ltr'><strong><em>Ἱστιαιῶτιν,</em></strong></span> <span class='ocrx_word' id='word_1_24' title='bbox 685 625 721 694; x_wconf 73' lang='grc' dir='ltr'><strong><em>ἐκ</em></strong></span> <span class='ocrx_word' id='word_1_25' title='bbox 744 627 782 696; x_wconf 84' lang='grc' dir='ltr'><strong><em>δέ</em></strong></span> <span class='ocrx_word' id='word_1_26' title='bbox 800 623 1041 707; x_wconf 73' lang='grc' dir='ltr'><strong><em>Ἱστιαιώτιδος</em></strong></span> <span class='ocrx_word' id='word_1_27' title='bbox 1062 621 1109 706; x_wconf 81' lang='grc' dir='ltr'><strong><em>ὡς</em></strong></span> <span class='ocrx_word' id='word_1_28' title='bbox 1130 625 1287 717; x_wconf 78' lang='grc' dir='ltr'><strong><em>ἐξανέστη</em></strong></span> <span class='ocrx_word' id='word_1_29' title='bbox 1310 624 1380 696; x_wconf 82' lang='grc' dir='ltr'><strong><em>ὖπδ</em></strong></span> 
     </span>
     <span class='ocr_line' id='line_1_5' title="bbox 227 739 1381 833; baseline 0 -17"><span class='ocrx_word' id='word_1_30' title='bbox 227 745 424 832; x_wconf 84' lang='grc' dir='ltr'><strong><em>Καδμείων,</em></strong></span> <span class='ocrx_word' id='word_1_31' title='bbox 452 739 552 833; x_wconf 80' lang='grc' dir='ltr'><strong><em>ήίκεεν</em></strong></span> <span class='ocrx_word' id='word_1_32' title='bbox 579 743 614 811; x_wconf 81' lang='grc' dir='ltr'><strong><em>έν</em></strong></span> <span class='ocrx_word' id='word_1_33' title='bbox 636 740 753 832; x_wconf 80' lang='grc' dir='ltr'><strong><em>Πίνδῳ</em></strong></span> <span class='ocrx_word' id='word_1_34' title='bbox 776 745 958 816; x_wconf 85' lang='grc' dir='ltr'><strong><em>Μακεδνὸν</em></strong></span> <span class='ocrx_word' id='word_1_35' title='bbox 978 742 1194 829; x_wconf 78' lang='grc' dir='ltr'><strong><em>καλεόμενον,</em></strong></span> <span class='ocrx_word' id='word_1_36' title='bbox 1225 745 1381 816; x_wconf 71' lang='grc' dir='ltr'><strong><em>ἐντεῦθεν</em></strong></span> 
     </span>
     <span class='ocr_line' id='line_1_6' title="bbox 201 859 1381 954; baseline 0 -20"><span class='ocrx_word' id='word_1_37' title='bbox 201 867 267 935; x_wconf 84' lang='grc' dir='ltr'><strong><em>ιδέ</em></strong></span> <span class='ocrx_word' id='word_1_38' title='bbox 295 860 390 946; x_wconf 83' lang='grc' dir='ltr'><strong><em>αὖτις</em></strong></span> <span class='ocrx_word' id='word_1_39' title='bbox 416 861 467 950; x_wconf 86' lang='grc' dir='ltr'><strong><em>είς</em></strong></span> <span class='ocrx_word' id='word_1_40' title='bbox 493 863 553 951; x_wconf 91' lang='grc' dir='ltr'><strong><em>τήν</em></strong></span> <span class='ocrx_word' id='word_1_41' title='bbox 581 859 761 950; x_wconf 80' lang='grc' dir='ltr'><strong><em>Δρυοπίδα</em></strong></span> <span class='ocrx_word' id='word_1_42' title='bbox 788 862 924 950; x_wconf 81' lang='grc' dir='ltr'><strong><em>μετέβη,</em></strong></span> <span class='ocrx_word' id='word_1_43' title='bbox 953 865 1010 930; x_wconf 86' lang='grc' dir='ltr'><strong><em>καί</em></strong></span> <span class='ocrx_word' id='word_1_44' title='bbox 1038 863 1073 936; x_wconf 79' lang='grc' dir='ltr'><strong><em>ἐκ</em></strong></span> <span class='ocrx_word' id='word_1_45' title='bbox 1099 866 1159 951; x_wconf 84' lang='grc' dir='ltr'><strong><em>τῆς</em></strong></span> <span class='ocrx_word' id='word_1_46' title='bbox 1185 865 1381 954; x_wconf 80' lang='grc' dir='ltr'><strong><em>Δρυοπίδος</em></strong></span> 
     </span>
     <span class='ocr_line' id='line_1_7' title="bbox 227 978 1382 1071; baseline -0.002 -17"><span class='ocrx_word' id='word_1_47' title='bbox 227 982 333 1065; x_wconf 76' lang='grc' dir='ltr'><strong><em>οἷ’πως</em></strong></span> <span class='ocrx_word' id='word_1_48' title='bbox 363 979 398 1063; x_wconf 77' lang='grc' dir='ltr'><strong><em>ές</em></strong></span> <span class='ocrx_word' id='word_1_49' title='bbox 426 978 690 1070; x_wconf 81' lang='grc' dir='ltr'><strong><em>Πελοπόννησον</em></strong></span> <span class='ocrx_word' id='word_1_50' title='bbox 721 981 826 1049; x_wconf 73' lang='grc' dir='ltr'><strong><em>ἐλθόν</em></strong></span> <span class='ocrx_word' id='word_1_51' title='bbox 857 981 1010 1068; x_wconf 87' lang='grc' dir='ltr'><strong><em>Δωρικόν</em></strong></span> <span class='ocrx_word' id='word_1_52' title='bbox 1043 978 1210 1071; x_wconf 72' lang='grc' dir='ltr'><strong><em>έκλήθη”.</em></strong></span> <span class='ocrx_word' id='word_1_53' title='bbox 1260 983 1317 1052; x_wconf 86' lang='grc' dir='ltr'><strong><em>καί</em></strong></span> <span class='ocrx_word' id='word_1_54' title='bbox 1348 981 1382 1052; x_wconf 77' lang='grc' dir='ltr'><strong><em>οἱ</em></strong></span> 
     </span>
     <span class='ocr_line' id='line_1_8' title="bbox 227 1097 1381 1193; baseline -0.003 -22"><span class='ocrx_word' id='word_1_55' title='bbox 227 1107 363 1193; x_wconf 77' lang='grc' dir='ltr'><strong><em>Κρήτας·</em></strong></span> <span class='ocrx_word' id='word_1_56' title='bbox 387 1107 532 1191; x_wconf 85' lang='grc' dir='ltr'><strong><em>Δωριεῖς</em></strong></span> <span class='ocrx_word' id='word_1_57' title='bbox 564 1097 743 1169; x_wconf 76' lang='grc' dir='ltr'><strong><em>ἐκαλοῦντο</em></strong></span> <span class='ocrx_word' id='word_1_58' title='bbox 782 1097 955 1192; x_wconf 74' lang='grc' dir='ltr'><strong><em>αΔωριέες</em></strong></span> <span class='ocrx_word' id='word_1_59' title='bbox 985 1124 1022 1167; x_wconf 87' lang='grc' dir='ltr'><strong><em>τε</em></strong></span> <span class='ocrx_word' id='word_1_60' title='bbox 1053 1097 1218 1189; x_wconf 78' lang='grc' dir='ltr'><strong><em>τριχάϊκες</em></strong></span> <span class='ocrx_word' id='word_1_61' title='bbox 1248 1098 1317 1169; x_wconf 88' lang='grc' dir='ltr'><strong><em>δῖοί</em></strong></span> <span class='ocrx_word' id='word_1_62' title='bbox 1345 1127 1381 1174; x_wconf 85' lang='grc' dir='ltr'><strong><em>τε</em></strong></span> 
     </span>
     <span class='ocr_line' id='line_1_9' title="bbox 226 1208 1381 1310; baseline -0.004 -18"><span class='ocrx_word' id='word_1_63' title='bbox 226 1215 437 1308; x_wconf 80' lang='grc' dir='ltr'><strong><em>Πελασγοί”.</em></strong></span> <span class='ocrx_word' id='word_1_64' title='bbox 480 1219 560 1308; x_wconf 84' lang='grc' dir='ltr'><strong><em>περὶ</em></strong></span> <span class='ocrx_word' id='word_1_65' title='bbox 588 1208 634 1287; x_wconf 83' lang='grc' dir='ltr'><strong><em>ὦν</em></strong></span> <span class='ocrx_word' id='word_1_66' title='bbox 661 1215 787 1307; x_wconf 73' lang='grc' dir='ltr'><strong><em>ἱστορεῖ</em></strong></span> <span class='ocrx_word' id='word_1_67' title='bbox 805 1211 968 1308; x_wconf 69' lang='grc' dir='ltr'><strong><em>Ἄνδρων,</em></strong></span> <span class='ocrx_word' id='word_1_68' title='bbox 998 1218 1129 1308; x_wconf 84' lang='grc' dir='ltr'><strong><em>Κρητός</em></strong></span> <span class='ocrx_word' id='word_1_69' title='bbox 1157 1219 1191 1287; x_wconf 85' lang='grc' dir='ltr'><strong><em>έν</em></strong></span> <span class='ocrx_word' id='word_1_70' title='bbox 1222 1223 1264 1309; x_wconf 80' lang='grc' dir='ltr'><strong><em>τῇ</em></strong></span> <span class='ocrx_word' id='word_1_71' title='bbox 1291 1217 1381 1310; x_wconf 81' lang='grc' dir='ltr'><strong><em>νήσῳ</em></strong></span> 
     </span>
     <span class='ocr_line' id='line_1_10' title="bbox 226 1332 1382 1428; baseline 0.001 -22"><span class='ocrx_word' id='word_1_72' title='bbox 226 1334 465 1423; x_wconf 79' lang='grc' dir='ltr'><strong><em>βασιλεύοντος</em></strong></span> <span class='ocrx_word' id='word_1_73' title='bbox 490 1337 665 1426; x_wconf 84' lang='grc' dir='ltr'><strong><em>Τέκταφον</em></strong></span> <span class='ocrx_word' id='word_1_74' title='bbox 684 1337 743 1405; x_wconf 88' lang='grc' dir='ltr'><strong><em>τόν</em></strong></span> <span class='ocrx_word' id='word_1_75' title='bbox 764 1332 887 1425; x_wconf 81' lang='grc' dir='ltr'><strong><em>Δώρου</em></strong></span> <span class='ocrx_word' id='word_1_76' title='bbox 907 1339 967 1403; x_wconf 84' lang='grc' dir='ltr'><strong><em>τοῦ</em></strong></span> <span class='ocrx_word' id='word_1_77' title='bbox 985 1334 1159 1426; x_wconf 79' lang='grc' dir='ltr'><strong><em>Ἕλληνος,</em></strong></span> <span class='ocrx_word' id='word_1_78' title='bbox 1189 1333 1382 1428; x_wconf 84' lang='grc' dir='ltr'><strong><em>ὁρμήσαντα</em></strong></span> 
     </span>
     <span class='ocr_line' id='line_1_11' title="bbox 189 1451 1383 1554; baseline 0.005 -33"><span class='ocrx_word' id='word_1_79' title='bbox 189 1456 264 1526; x_wconf 81' lang='grc' dir='ltr'><strong><em>ωέκ</em></strong></span> <span class='ocrx_word' id='word_1_80' title='bbox 290 1460 350 1543; x_wconf 81' lang='grc' dir='ltr'><strong><em>τῆς</em></strong></span> <span class='ocrx_word' id='word_1_81' title='bbox 377 1455 412 1524; x_wconf 83' lang='grc' dir='ltr'><strong><em>έν</em></strong></span> <span class='ocrx_word' id='word_1_82' title='bbox 436 1453 602 1545; x_wconf 81' lang='grc' dir='ltr'><strong><em>Θετταλίᾳ</em></strong></span> <span class='ocrx_word' id='word_1_83' title='bbox 621 1451 698 1524; x_wconf 89' lang='grc' dir='ltr'><strong><em>τότε</em></strong></span> <span class='ocrx_word' id='word_1_84' title='bbox 723 1455 785 1538; x_wconf 81' lang='grc' dir='ltr'><strong><em>μέν</em></strong></span> <span class='ocrx_word' id='word_1_85' title='bbox 811 1451 967 1554; x_wconf 86' lang='grc' dir='ltr'><strong><em>Δωρίδος</em></strong></span> <span class='ocrx_word' id='word_1_86' title='bbox 996 1460 1053 1526; x_wconf 78' lang='grc' dir='ltr'><strong><em>νῦν</em></strong></span> <span class='ocrx_word' id='word_1_87' title='bbox 1080 1458 1118 1526; x_wconf 84' lang='grc' dir='ltr'><strong><em>δέ</em></strong></span> <span class='ocrx_word' id='word_1_88' title='bbox 1140 1453 1383 1540; x_wconf 80' lang='grc' dir='ltr'><strong><em>Ἰστιαιιότιδσς</em></strong></span> 
     </span>
     <span class='ocr_line' id='line_1_12' title="bbox 227 1568 1383 1662; baseline 0.004 -20"><span class='ocrx_word' id='word_1_89' title='bbox 227 1575 445 1662; x_wconf 80' lang='grc' dir='ltr'><strong><em>καλουμένης,</em></strong></span> <span class='ocrx_word' id='word_1_90' title='bbox 480 1568 671 1661; x_wconf 75' lang='grc' dir='ltr'><strong><em>ἀφικέσθαι</em></strong></span> <span class='ocrx_word' id='word_1_91' title='bbox 705 1569 753 1652; x_wconf 80' lang='grc' dir='ltr'><strong><em>εἰς</em></strong></span> <span class='ocrx_word' id='word_1_92' title='bbox 784 1571 917 1662; x_wconf 83' lang='grc' dir='ltr'><strong><em>Κρήτην</em></strong></span> <span class='ocrx_word' id='word_1_93' title='bbox 947 1573 1031 1657; x_wconf 83' lang='grc' dir='ltr'><strong><em>μετὰ</em></strong></span> <span class='ocrx_word' id='word_1_94' title='bbox 1063 1575 1225 1662; x_wconf 84' lang='grc' dir='ltr'><strong><em>Δωριέων</em></strong></span> <span class='ocrx_word' id='word_1_95' title='bbox 1254 1603 1291 1644; x_wconf 88' lang='grc' dir='ltr'><strong><em>τε</em></strong></span> <span class='ocrx_word' id='word_1_96' title='bbox 1325 1578 1383 1648; x_wconf 82' lang='grc' dir='ltr'><strong><em>καί</em></strong></span> 
     </span>
     <span class='ocr_line' id='line_1_13' title="bbox 221 1687 1380 1783; baseline 0.001 -19"><span class='ocrx_word' id='word_1_97' title='bbox 221 1691 366 1778; x_wconf 75' lang='grc' dir='ltr'><strong><em>Ἀχαιῶν</em></strong></span> <span class='ocrx_word' id='word_1_98' title='bbox 390 1695 448 1760; x_wconf 82' lang='grc' dir='ltr'><strong><em>καὶ</em></strong></span> <span class='ocrx_word' id='word_1_99' title='bbox 472 1693 658 1778; x_wconf 83' lang='grc' dir='ltr'><strong><em>Πελασγῶν</em></strong></span> <span class='ocrx_word' id='word_1_100' title='bbox 691 1693 757 1758; x_wconf 88' lang='grc' dir='ltr'><strong><em>τῶν</em></strong></span> <span class='ocrx_word' id='word_1_101' title='bbox 788 1687 848 1759; x_wconf 84' lang='grc' dir='ltr'><strong><em>οὐκ</em></strong></span> <span class='ocrx_word' id='word_1_102' title='bbox 876 1688 1078 1783; x_wconf 85' lang='grc' dir='ltr'><strong><em>άπαράντων</em></strong></span> <span class='ocrx_word' id='word_1_103' title='bbox 1107 1689 1156 1772; x_wconf 85' lang='grc' dir='ltr'><strong><em>είς</em></strong></span> <span class='ocrx_word' id='word_1_104' title='bbox 1186 1695 1380 1783; x_wconf 87' lang='grc' dir='ltr'><strong><em>Τυρρηνίαν.</em></strong></span> 
     </span>
     <span class='ocr_line' id='line_1_14' title="bbox 226 1807 1381 1904; baseline 0 -22"><span class='ocrx_word' id='word_1_105' title='bbox 226 1813 390 1900; x_wconf 86' lang='grc' dir='ltr'><strong><em>μέμνηται</em></strong></span> <span class='ocrx_word' id='word_1_106' title='bbox 420 1814 480 1899; x_wconf 85' lang='grc' dir='ltr'><strong><em>τής</em></strong></span> <span class='ocrx_word' id='word_1_107' title='bbox 512 1807 667 1897; x_wconf 92' lang='grc' dir='ltr'><strong><em>Δωρίδος</em></strong></span> <span class='ocrx_word' id='word_1_108' title='bbox 698 1813 757 1897; x_wconf 88' lang='grc' dir='ltr'><strong><em>τής</em></strong></span> <span class='ocrx_word' id='word_1_109' title='bbox 788 1812 990 1900; x_wconf 82' lang='grc' dir='ltr'><strong><em>Θετταλικῆς</em></strong></span> <span class='ocrx_word' id='word_1_110' title='bbox 1022 1807 1143 1900; x_wconf 81' lang='grc' dir='ltr'><strong><em>Χάραξ</em></strong></span> <span class='ocrx_word' id='word_1_111' title='bbox 1175 1808 1211 1879; x_wconf 80' lang='grc' dir='ltr'><strong><em>ἐν</em></strong></span> <span class='ocrx_word' id='word_1_112' title='bbox 1243 1810 1269 1895; x_wconf 71' lang='grc' dir='ltr'><strong><em>ζ’</em></strong></span> <span class='ocrx_word' id='word_1_113' title='bbox 1299 1816 1381 1904; x_wconf 78' lang='grc' dir='ltr'><strong><em>τῇδε</em></strong></span> 
     </span>
     <span class='ocr_line' id='line_1_15' title="bbox 227 1923 1382 2020; baseline 0.001 -21"><span class='ocrx_word' id='word_1_114' title='bbox 227 1928 364 2020; x_wconf 83' lang='grc' dir='ltr'><strong><em>ηράφων</em></strong></span> <span class='ocrx_word' id='word_1_115' title='bbox 391 1927 471 2016; x_wconf 81' lang='grc' dir='ltr'><strong><em>περὶ</em></strong></span> <span class='ocrx_word' id='word_1_116' title='bbox 500 1929 675 1996; x_wconf 83' lang='grc' dir='ltr'><strong><em>Θεσσαλοῦ</em></strong></span> <span class='ocrx_word' id='word_1_117' title='bbox 701 1932 762 1996; x_wconf 83' lang='grc' dir='ltr'><strong><em>τοῦ</em></strong></span> <span class='ocrx_word' id='word_1_118' title='bbox 782 1923 934 2009; x_wconf 82' lang='grc' dir='ltr'><strong><em>Αίάτου,</em></strong></span> <span class='ocrx_word' id='word_1_119' title='bbox 964 1929 1054 2017; x_wconf 87' lang='grc' dir='ltr'><strong><em>[τοῦ]</em></strong></span> <span class='ocrx_word' id='word_1_120' title='bbox 1083 1927 1277 2018; x_wconf 76' lang='grc' dir='ltr'><strong><em>νικήσαντος</em></strong></span> <span class='ocrx_word' id='word_1_121' title='bbox 1303 1933 1382 2013; x_wconf 83' lang='grc' dir='ltr'><strong><em>τούς</em></strong></span> 
     </span>
     <span class='ocr_line' id='line_1_16' title="bbox 190 2041 1381 2139; baseline -0.001 -20"><span class='ocrx_word' id='word_1_122' title='bbox 190 2069 216 2110; x_wconf 76' lang='lat'><strong><em>¹⁶</em></strong></span> <span class='ocrx_word' id='word_1_123' title='bbox 228 2050 263 2119; x_wconf 80' lang='grc' dir='ltr'><strong><em>έν</em></strong></span> <span class='ocrx_word' id='word_1_124' title='bbox 276 2044 379 2139; x_wconf 79' lang='grc' dir='ltr'><strong><em>’Άρνῃ</em></strong></span> <span class='ocrx_word' id='word_1_125' title='bbox 395 2042 567 2126; x_wconf 82' lang='grc' dir='ltr'><strong><em>Βοιωτούς</em></strong></span> <span class='ocrx_word' id='word_1_126' title='bbox 590 2041 633 2138; x_wconf 70' lang='grc' dir='ltr'><strong><em>αδ</em></strong></span> <span class='ocrx_word' id='word_1_127' title='bbox 656 2044 694 2113; x_wconf 83' lang='grc' dir='ltr'><strong><em>δέ</em></strong></span> <span class='ocrx_word' id='word_1_128' title='bbox 712 2045 883 2128; x_wconf 88' lang='grc' dir='ltr'><strong><em>Θεσσαλός</em></strong></span> <span class='ocrx_word' id='word_1_129' title='bbox 904 2042 984 2116; x_wconf 77' lang='grc' dir='ltr'><strong><em>οὐδὲ</em></strong></span> <span class='ocrx_word' id='word_1_130' title='bbox 1003 2047 1064 2138; x_wconf 87' lang='grc' dir='ltr'><strong><em>τήν</em></strong></span> <span class='ocrx_word' id='word_1_131' title='bbox 1084 2045 1241 2138; x_wconf 86' lang='grc' dir='ltr'><strong><em>τετάρτην</em></strong></span> <span class='ocrx_word' id='word_1_132' title='bbox 1260 2057 1381 2136; x_wconf 88' lang='grc' dir='ltr'><strong><em>μοῖραν</em></strong></span> 
     </span>
    </p>
   </div>
   <div class='ocr_carea' id='block_1_3' title="bbox 226 2160 1381 2260">
    <p class='ocr_par' dir='ltr' id='par_1_3' title="bbox 226 2160 1381 2260">
     <span class='ocr_line' id='line_1_17' title="bbox 226 2160 1381 2260; baseline 0.001 -24"><span class='ocrx_word' id='word_1_133' title='bbox 226 2171 287 2257; x_wconf 85' lang='grc' dir='ltr'><strong><em>τῆς</em></strong></span> <span class='ocrx_word' id='word_1_134' title='bbox 315 2162 506 2250; x_wconf 72' lang='grc' dir='ltr'><strong><em>ἐπωνυμίας</em></strong></span> <span class='ocrx_word' id='word_1_135' title='bbox 532 2164 730 2248; x_wconf 86' lang='grc' dir='ltr'><strong><em>μετέβαλεν,</em></strong></span> <span class='ocrx_word' id='word_1_136' title='bbox 764 2160 836 2231; x_wconf 77' lang='grc' dir='ltr'><strong><em>ἀλλ’</em></strong></span> <span class='ocrx_word' id='word_1_137' title='bbox 864 2161 1062 2236; x_wconf 81' lang='grc' dir='ltr'><strong><em>Ἰστιαιῶτιν</em></strong></span> <span class='ocrx_word' id='word_1_138' title='bbox 1090 2163 1192 2257; x_wconf 79' lang='grc' dir='ltr'><strong><em>αὐτήν</em></strong></span> <span class='ocrx_word' id='word_1_139' title='bbox 1225 2163 1272 2248; x_wconf 85' lang='grc' dir='ltr'><strong><em>ῶς</em></strong></span> <span class='ocrx_word' id='word_1_140' title='bbox 1302 2170 1381 2260; x_wconf 83' lang='grc' dir='ltr'><strong><em>πρίν</em></strong></span> 
     </span>
    </p>
   </div>
   <div class='ocr_carea' id='block_1_4' title="bbox 188 2280 1382 2734">
    <p class='ocr_par' dir='ltr' id='par_1_4' title="bbox 227 2280 1382 2612">
     <span class='ocr_line' id='line_1_18' title="bbox 227 2280 1382 2376; baseline 0 -20"><span class='ocrx_word' id='word_1_141' title='bbox 227 2291 409 2356; x_wconf 75' lang='grc' dir='ltr'><strong><em>καλεῖσθαι</em></strong></span> <span class='ocrx_word' id='word_1_142' title='bbox 431 2280 534 2350; x_wconf 77' lang='grc' dir='ltr'><strong><em>ε’ίασε.</em></strong></span> <span class='ocrx_word' id='word_1_143' title='bbox 569 2289 676 2351; x_wconf 83' lang='grc' dir='ltr'><strong><em>κεῖται</em></strong></span> <span class='ocrx_word' id='word_1_144' title='bbox 698 2284 736 2352; x_wconf 80' lang='grc' dir='ltr'><strong><em>δέ</em></strong></span> <span class='ocrx_word' id='word_1_145' title='bbox 758 2283 844 2371; x_wconf 88' lang='grc' dir='ltr'><strong><em>πρδς</em></strong></span> <span class='ocrx_word' id='word_1_146' title='bbox 866 2287 998 2368; x_wconf 90' lang='grc' dir='ltr'><strong><em>δυσμῶν</em></strong></span> <span class='ocrx_word' id='word_1_147' title='bbox 1013 2289 1072 2374; x_wconf 88' lang='grc' dir='ltr'><strong><em>τής</em></strong></span> <span class='ocrx_word' id='word_1_148' title='bbox 1087 2283 1227 2356; x_wconf 87' lang='grc' dir='ltr'><strong><em>Πίνδου.</em></strong></span> <span class='ocrx_word' id='word_1_149' title='bbox 1262 2292 1382 2376; x_wconf 90' lang='grc' dir='ltr'><strong><em>Δῶρος</em></strong></span> 
     </span>
     <span class='ocr_line' id='line_1_19' title="bbox 228 2397 1381 2493; baseline 0.002 -19"><span class='ocrx_word' id='word_1_150' title='bbox 228 2407 266 2476; x_wconf 83' lang='grc' dir='ltr'><strong><em>δέ</em></strong></span> <span class='ocrx_word' id='word_1_151' title='bbox 289 2400 392 2493; x_wconf 76' lang='grc' dir='ltr'><strong><em>αὐτήν</em></strong></span> <span class='ocrx_word' id='word_1_152' title='bbox 414 2397 608 2489; x_wconf 83' lang='grc' dir='ltr'><strong><em>όἝλληνος</em></strong></span> <span class='ocrx_word' id='word_1_153' title='bbox 629 2397 752 2490; x_wconf 79' lang='grc' dir='ltr'><strong><em>εἰλήχει</em></strong></span> <span class='ocrx_word' id='word_1_154' title='bbox 771 2402 814 2470; x_wconf 85' lang='grc' dir='ltr'><strong><em>τά</em></strong></span> <span class='ocrx_word' id='word_1_155' title='bbox 836 2407 953 2492; x_wconf 90' lang='grc' dir='ltr'><strong><em>πρῶτα</em></strong></span> <span class='ocrx_word' id='word_1_156' title='bbox 975 2401 1031 2469; x_wconf 82' lang='grc' dir='ltr'><strong><em>καὶ</em></strong></span> <span class='ocrx_word' id='word_1_157' title='bbox 1045 2404 1158 2492; x_wconf 83' lang='grc' dir='ltr'><strong><em>Δωρὶς</em></strong></span> <span class='ocrx_word' id='word_1_158' title='bbox 1179 2401 1236 2474; x_wconf 80' lang='grc' dir='ltr'><strong><em>ἀπ’</em></strong></span> <span class='ocrx_word' id='word_1_159' title='bbox 1253 2405 1381 2476; x_wconf 81' lang='grc' dir='ltr'><strong><em>ἐκείνου</em></strong></span> 
     </span>
     <span class='ocr_line' id='line_1_20' title="bbox 227 2516 1307 2612; baseline -0.002 -19"><span class='ocrx_word' id='word_1_160' title='bbox 227 2521 377 2594; x_wconf 77' lang='grc' dir='ltr'><strong><em>ἐκαλεῖτο</em></strong></span> <span class='ocrx_word' id='word_1_161' title='bbox 399 2517 571 2611; x_wconf 88' lang='grc' dir='ltr'><strong><em>πρότερον,</em></strong></span> <span class='ocrx_word' id='word_1_162' title='bbox 591 2517 729 2611; x_wconf 79' lang='grc' dir='ltr'><strong><em>όστερον</em></strong></span> <span class='ocrx_word' id='word_1_163' title='bbox 750 2521 788 2588; x_wconf 83' lang='grc' dir='ltr'><strong><em>δέ</em></strong></span> <span class='ocrx_word' id='word_1_164' title='bbox 805 2516 1005 2602; x_wconf 80' lang='grc' dir='ltr'><strong><em>Ἰστιαιῶτις</em></strong></span> <span class='ocrx_word' id='word_1_165' title='bbox 1024 2519 1307 2612; x_wconf 76' lang='grc' dir='ltr'><strong><em>μετιονομάσθη”.</em></strong></span> 
     </span>
    </p>

    <p class='ocr_par' dir='ltr' id='par_1_5' title="bbox 188 2635 1378 2734">
     <span class='ocr_line' id='line_1_21' title="bbox 188 2635 1378 2734; baseline -0.002 -22"><span class='ocrx_word' id='word_1_166' title='bbox 188 2661 217 2702; x_wconf 75' lang='lat'><strong><em>²⁰</em></strong></span> <span class='ocrx_word' id='word_1_167' title='bbox 314 2647 470 2732; x_wconf 89' lang='grc' dir='ltr'><strong><em>Δῶρος,</em></strong></span> <span class='ocrx_word' id='word_1_168' title='bbox 500 2635 602 2719; x_wconf 88' lang='grc' dir='ltr'><strong><em>πόλις</em></strong></span> <span class='ocrx_word' id='word_1_169' title='bbox 627 2637 794 2727; x_wconf 82' lang='grc' dir='ltr'><strong><em>Φοινίκης.</em></strong></span> <span class='ocrx_word' id='word_1_170' title='bbox 834 2635 1009 2719; x_wconf 79' lang='grc' dir='ltr'><strong><em>Ἑκαταῖος</em></strong></span> <span class='ocrx_word' id='word_1_171' title='bbox 1033 2637 1131 2730; x_wconf 81' lang='grc' dir='ltr'><strong><em>Ἀσίᾳ</em></strong></span> <span class='ocrx_word' id='word_1_172' title='bbox 1159 2639 1265 2734; x_wconf 68' lang='grc' dir='ltr'><strong><em>αμετά</em></strong></span> <span class='ocrx_word' id='word_1_173' title='bbox 1293 2643 1333 2711; x_wconf 83' lang='grc' dir='ltr'><strong><em>δὲ</em></strong></span> <span class='ocrx_word' id='word_1_174' title='bbox 1358 2639 1378 2731; x_wconf 87' lang='grc' dir='ltr'><strong><em>ή</em></strong></span> 
     </span>
    </p>
   </div>
   <div class='ocr_carea' id='block_1_5' title="bbox 225 2959 1381 4429">
    <p class='ocr_par' dir='ltr' id='par_1_6' title="bbox 225 2959 1381 4429">
     <span class='ocr_line' id='line_1_22' title="bbox 228 2959 1377 3044; baseline -0.002 -16"><span class='ocrx_word' id='word_1_175' title='bbox 228 2975 257 3032; x_wconf 92' lang='grc'><strong>1.</strong></span> <span class='ocrx_word' id='word_1_176' title='bbox 275 2962 429 3042; x_wconf 83' lang='grc' dir='ltr'><strong><em>βασιλέως</em></strong></span> <span class='ocrx_word' id='word_1_177' title='bbox 448 2969 480 3026; x_wconf 92' lang='lat' dir='ltr'><strong><em>S.</em></strong></span> <span class='ocrx_word' id='word_1_178' title='bbox 577 2962 652 3025; x_wconf 76' lang='grc' dir='ltr'><strong><em>οἴκεε</em></strong></span> <span class='ocrx_word' id='word_1_179' title='bbox 672 2966 729 3044; x_wconf 77' lang='grc' dir='ltr'><strong><em>γῆν</em></strong></span> <span class='ocrx_word' id='word_1_180' title='bbox 747 2959 804 3040; x_wconf 84' lang='grc' dir='ltr'><strong><em>τὴν</em></strong></span> <span class='ocrx_word' id='word_1_181' title='bbox 826 2961 968 3022; x_wconf 73' lang='grc' dir='ltr'><strong><em>Φθιῶτιν</em></strong></span> <span class='ocrx_word' id='word_1_182' title='bbox 989 2964 1164 3023; x_wconf 83' lang='lat' dir='ltr'><strong>Herodotus.</strong></span> <span class='ocrx_word' id='word_1_183' title='bbox 1268 2963 1377 3026; x_wconf 67' lang='lat'><strong><em>‘2013-</em></strong></span> 
     </span>
     <span class='ocr_line' id='line_1_23' title="bbox 226 3049 1379 3136; baseline -0.003 -16"><span class='ocrx_word' id='word_1_184' title='bbox 226 3061 347 3136; x_wconf 86' lang='grc' dir='ltr'><strong><em>λυμπον</em></strong></span> <span class='ocrx_word' id='word_1_185' title='bbox 366 3059 541 3118; x_wconf 73' lang='lat' dir='ltr'><strong>Herodotus.</strong></span> <span class='ocrx_word' id='word_1_186' title='bbox 620 3063 647 3116; x_wconf 82' lang='lat'><strong><em>3.</em></strong></span> <span class='ocrx_word' id='word_1_187' title='bbox 664 3053 813 3114; x_wconf 83' lang='grc' dir='ltr'><strong><em>Ἶστιῶτιν</em></strong></span> <span class='ocrx_word' id='word_1_188' title='bbox 832 3053 866 3114; x_wconf 70' lang='grc' dir='ltr'><strong><em>ἐκ</em></strong></span> <span class='ocrx_word' id='word_1_189' title='bbox 885 3052 918 3114; x_wconf 73' lang='grc' dir='ltr'><strong><em>δὲ</em></strong></span> <span class='ocrx_word' id='word_1_190' title='bbox 933 3049 1120 3126; x_wconf 84' lang='grc' dir='ltr'><strong><em>Ἵστιιότιδος</em></strong></span> <span class='ocrx_word' id='word_1_191' title='bbox 1139 3061 1171 3117; x_wconf 91' lang='lat' dir='ltr'><strong><em>S.</em></strong></span> <span class='ocrx_word' id='word_1_192' title='bbox 1254 3061 1282 3118; x_wconf 72' lang='lat'><strong><em>4.</em></strong></span> <span class='ocrx_word' id='word_1_193' title='bbox 1304 3055 1379 3118; x_wconf 79' lang='grc' dir='ltr'><strong><em>οίίιεε</em></strong></span> 
     </span>
     <span class='ocr_line' id='line_1_24' title="bbox 227 3145 1379 3230; baseline -0.002 -18"><span class='ocrx_word' id='word_1_194' title='bbox 227 3154 404 3214; x_wconf 75' lang='lat' dir='ltr'><strong>Herodotus.</strong></span> <span class='ocrx_word' id='word_1_195' title='bbox 487 3157 517 3211; x_wconf 85' lang='lat'><strong><em>7.</em></strong></span> <span class='ocrx_word' id='word_1_196' title='bbox 537 3147 687 3226; x_wconf 76' lang='grc' dir='ltr'><strong><em>Δωριέες]</em></strong></span> <span class='ocrx_word' id='word_1_197' title='bbox 708 3149 791 3205; x_wconf 85' lang='lat' dir='ltr'><strong>Hom.</strong></span> <span class='ocrx_word' id='word_1_198' title='bbox 813 3148 871 3208; x_wconf 86' lang='lat' dir='ltr'><strong><em>od.</em></strong></span> <span class='ocrx_word' id='word_1_199' title='bbox 893 3153 1025 3218; x_wconf 83' lang='grc'><strong>19,177.</strong></span> <span class='ocrx_word' id='word_1_200' title='bbox 1113 3157 1142 3210; x_wconf 80' lang='grc'><strong><em>9.</em></strong></span> <span class='ocrx_word' id='word_1_201' title='bbox 1166 3145 1330 3230; x_wconf 80' lang='grc' dir='ltr'><strong><em>Τέκταφον</em></strong></span> <span class='ocrx_word' id='word_1_202' title='bbox 1348 3153 1379 3220; x_wconf 89' lang='lat' dir='ltr'><strong><em>S,</em></strong></span> 
     </span>
     <span class='ocr_line' id='line_1_25' title="bbox 226 3237 1378 3326; baseline -0.003 -21"><span class='ocrx_word' id='word_1_203' title='bbox 226 3243 395 3326; x_wconf 84' lang='grc' dir='ltr'><strong><em>Κέρκαφον</em></strong></span> <span class='ocrx_word' id='word_1_204' title='bbox 413 3246 438 3303; x_wconf 87' lang='grc' dir='ltr'>Β</span> <span class='ocrx_word' id='word_1_205' title='bbox 458 3253 579 3324; x_wconf 82' lang='lat' dir='ltr'><strong>propter</strong></span> <span class='ocrx_word' id='word_1_206' title='bbox 597 3244 679 3301; x_wconf 74' lang='lat' dir='ltr'><strong>Euat.</strong></span> <span class='ocrx_word' id='word_1_207' title='bbox 700 3242 738 3300; x_wconf 79' lang='lat' dir='ltr'><strong><em>ad</em></strong></span> <span class='ocrx_word' id='word_1_208' title='bbox 758 3241 866 3317; x_wconf 79' lang='lat' dir='ltr'><strong>Odyoo.</strong></span> <span class='ocrx_word' id='word_1_209' title='bbox 886 3263 916 3320; x_wconf 87' lang='lat' dir='ltr'><strong><em>p.</em></strong></span> <span class='ocrx_word' id='word_1_210' title='bbox 937 3246 1022 3311; x_wconf 84' lang='grc'><strong>1861,</strong></span> <span class='ocrx_word' id='word_1_211' title='bbox 1043 3247 1089 3310; x_wconf 84' lang='grc'><strong><em>20,</em></strong></span> <span class='ocrx_word' id='word_1_212' title='bbox 1112 3237 1272 3317; x_wconf 82' lang='grc' dir='ltr'><strong><em>Τέκταμον</em></strong></span> <span class='ocrx_word' id='word_1_213' title='bbox 1292 3245 1378 3304; x_wconf 77' lang='lat' dir='ltr'>Wes-</span> 
     </span>
     <span class='ocr_line' id='line_1_26' title="bbox 226 3328 1379 3417; baseline -0.003 -19"><span class='ocrx_word' id='word_1_214' title='bbox 226 3341 329 3417; x_wconf 84' lang='lat' dir='ltr'><strong>seling.</strong></span> <span class='ocrx_word' id='word_1_215' title='bbox 350 3339 388 3396; x_wconf 84' lang='lat' dir='ltr'><strong><em>ad</em></strong></span> <span class='ocrx_word' id='word_1_216' title='bbox 408 3338 494 3395; x_wconf 89' lang='lat' dir='ltr'><strong>Diod.</strong></span> <span class='ocrx_word' id='word_1_217' title='bbox 515 3337 574 3394; x_wconf 85' lang='lat' dir='ltr'><strong>Sic.</strong></span> <span class='ocrx_word' id='word_1_218' title='bbox 595 3339 628 3404; x_wconf 91' lang='grc'><strong><em>5,</em></strong></span> <span class='ocrx_word' id='word_1_219' title='bbox 652 3341 700 3396; x_wconf 88' lang='grc'><strong><em>80.</em></strong></span> <span class='ocrx_word' id='word_1_220' title='bbox 836 3336 882 3393; x_wconf 81' lang='grc'><strong>14.</strong></span> <span class='ocrx_word' id='word_1_221' title='bbox 903 3328 1041 3408; x_wconf 79' lang='grc' dir='ltr'><strong><em>Αίάτου]</em></strong></span> <span class='ocrx_word' id='word_1_222' title='bbox 1067 3331 1112 3393; x_wconf 82' lang='grc' dir='ltr'><strong><em>Ι)ε</em></strong></span> <span class='ocrx_word' id='word_1_223' title='bbox 1131 3337 1222 3394; x_wconf 82' lang='lat' dir='ltr'><strong>Aoato</strong></span> <span class='ocrx_word' id='word_1_224' title='bbox 1244 3337 1379 3396; x_wconf 81' lang='lat' dir='ltr'>Thessali</span> 
     </span>
     <span class='ocr_line' id='line_1_27' title="bbox 226 3428 1379 3510; baseline -0.001 -20"><span class='ocrx_word' id='word_1_225' title='bbox 226 3442 325 3510; x_wconf 78' lang='lat' dir='ltr'><strong>patre,</strong></span> <span class='ocrx_word' id='word_1_226' title='bbox 350 3430 478 3508; x_wconf 89' lang='lat' dir='ltr'><strong>Philippi</strong></span> <span class='ocrx_word' id='word_1_227' title='bbox 503 3428 577 3496; x_wconf 87' lang='lat' dir='ltr'><strong>filio,</strong></span> <span class='ocrx_word' id='word_1_228' title='bbox 602 3429 776 3487; x_wconf 83' lang='lat' dir='ltr'><strong>Boeotorum</strong></span> <span class='ocrx_word' id='word_1_229' title='bbox 798 3429 847 3504; x_wconf 91' lang='lat' dir='ltr'><strong><em>qui</em></strong></span> <span class='ocrx_word' id='word_1_230' title='bbox 868 3437 935 3484; x_wconf 84' lang='lat' dir='ltr'><strong>tuno</strong></span> <span class='ocrx_word' id='word_1_231' title='bbox 953 3430 1058 3484; x_wconf 82' lang='lat' dir='ltr'>Arnam</span> <span class='ocrx_word' id='word_1_232' title='bbox 1079 3428 1243 3486; x_wconf 83' lang='lat' dir='ltr'><strong>incolebant</strong></span> <span class='ocrx_word' id='word_1_233' title='bbox 1264 3431 1379 3500; x_wconf 83' lang='lat' dir='ltr'><strong>victore,</strong></span> 
     </span>
     <span class='ocr_line' id='line_1_28' title="bbox 227 3519 1378 3598; baseline 0.003 -18"><span class='ocrx_word' id='word_1_234' title='bbox 227 3543 253 3582; x_wconf 87' lang='lat' dir='ltr'><strong><em>v.</em></strong></span> <span class='ocrx_word' id='word_1_235' title='bbox 274 3523 414 3598; x_wconf 81' lang='lat' dir='ltr'><strong>Polyaen.</strong></span> <span class='ocrx_word' id='word_1_236' title='bbox 435 3522 524 3580; x_wconf 83' lang='lat' dir='ltr'><strong>Strot.</strong></span> <span class='ocrx_word' id='word_1_237' title='bbox 545 3525 573 3588; x_wconf 88' lang='grc'><strong><em>8,</em></strong></span> <span class='ocrx_word' id='word_1_238' title='bbox 593 3519 642 3579; x_wconf 78' lang='grc'><strong><em>44.</em></strong></span> <span class='ocrx_word' id='word_1_239' title='bbox 667 3540 705 3579; x_wconf 83' lang='lat' dir='ltr'><strong><em>ex</em></strong></span> <span class='ocrx_word' id='word_1_240' title='bbox 730 3539 787 3597; x_wconf 93' lang='lat' dir='ltr'><strong><em>quo</em></strong></span> <span class='ocrx_word' id='word_1_241' title='bbox 807 3519 846 3578; x_wconf 89' lang='grc' dir='ltr'><strong><em>Ο.</em></strong></span> <span class='ocrx_word' id='word_1_242' title='bbox 866 3521 1006 3578; x_wconf 79' lang='lat' dir='ltr'><strong>Miiileruo</strong></span> <span class='ocrx_word' id='word_1_243' title='bbox 1031 3523 1106 3578; x_wconf 82' lang='lat' dir='ltr'>bene</span> <span class='ocrx_word' id='word_1_244' title='bbox 1126 3523 1249 3579; x_wconf 83' lang='lat' dir='ltr'><strong>correxit</strong></span> <span class='ocrx_word' id='word_1_245' title='bbox 1267 3523 1378 3583; x_wconf 81' lang='lat' dir='ltr'><strong>Pausa·</strong></span> 
     </span>
     <span class='ocr_line' id='line_1_29' title="bbox 227 3605 1379 3693; baseline 0 -19"><span class='ocrx_word' id='word_1_246' title='bbox 227 3618 304 3674; x_wconf 76' lang='lat' dir='ltr'><strong>niam</strong></span> <span class='ocrx_word' id='word_1_247' title='bbox 331 3614 409 3693; x_wconf 81' lang='lat' dir='ltr'>apud</span> <span class='ocrx_word' id='word_1_248' title='bbox 434 3614 515 3672; x_wconf 85' lang='lat' dir='ltr'><strong>Eust.</strong></span> <span class='ocrx_word' id='word_1_249' title='bbox 537 3613 575 3671; x_wconf 79' lang='lat' dir='ltr'><strong><em>ad</em></strong></span> <span class='ocrx_word' id='word_1_250' title='bbox 596 3615 680 3671; x_wconf 85' lang='lat' dir='ltr'><strong>Hom.</strong></span> <span class='ocrx_word' id='word_1_251' title='bbox 700 3633 730 3691; x_wconf 92' lang='lat' dir='ltr'><strong><em>p.</em></strong></span> <span class='ocrx_word' id='word_1_252' title='bbox 751 3617 819 3681; x_wconf 78' lang='grc'><strong>331,</strong></span> <span class='ocrx_word' id='word_1_253' title='bbox 838 3617 885 3670; x_wconf 84' lang='grc'><strong>21.</strong></span> <span class='ocrx_word' id='word_1_254' title='bbox 907 3614 954 3669; x_wconf 89' lang='lat' dir='ltr'><strong><em>ubi</em></strong></span> <span class='ocrx_word' id='word_1_255' title='bbox 974 3605 1096 3692; x_wconf 83' lang='grc' dir='ltr'><strong><em>Ἀράτῳ</em></strong></span> <span class='ocrx_word' id='word_1_256' title='bbox 1116 3613 1220 3671; x_wconf 83' lang='lat' dir='ltr'><strong>editur.</strong></span> <span class='ocrx_word' id='word_1_257' title='bbox 1244 3615 1379 3676; x_wconf 86' lang='lat' dir='ltr'><strong>iam&#39;non</strong></span> 
     </span>
     <span class='ocr_line' id='line_1_30' title="bbox 226 3699 1379 3789; baseline 0 -23"><span class='ocrx_word' id='word_1_258' title='bbox 226 3710 342 3766; x_wconf 86' lang='lat' dir='ltr'><strong>dubium</strong></span> <span class='ocrx_word' id='word_1_259' title='bbox 364 3707 433 3783; x_wconf 86' lang='lat' dir='ltr'><strong>quin</strong></span> <span class='ocrx_word' id='word_1_260' title='bbox 447 3707 532 3764; x_wconf 85' lang='lat' dir='ltr'><strong>etiam</strong></span> <span class='ocrx_word' id='word_1_261' title='bbox 546 3707 625 3785; x_wconf 82' lang='lat' dir='ltr'>apud</span> <span class='ocrx_word' id='word_1_262' title='bbox 639 3707 749 3764; x_wconf 81' lang='lat' dir='ltr'><strong>Zenob.</strong></span> <span class='ocrx_word' id='word_1_263' title='bbox 761 3708 789 3773; x_wconf 77' lang='lat'><strong><em>4,</em></strong></span> <span class='ocrx_word' id='word_1_264' title='bbox 801 3710 850 3765; x_wconf 75' lang='lat'><strong><em>29.</em></strong></span> <span class='ocrx_word' id='word_1_265' title='bbox 871 3705 1053 3763; x_wconf 84' lang='lat' dir='ltr'><strong>scribendum</strong></span> <span class='ocrx_word' id='word_1_266' title='bbox 1067 3707 1104 3762; x_wconf 83' lang='lat' dir='ltr'><strong><em>oit</em></strong></span> <span class='ocrx_word' id='word_1_267' title='bbox 1119 3701 1171 3762; x_wconf 84' lang='grc' dir='ltr'><strong><em>διὰ</em></strong></span> <span class='ocrx_word' id='word_1_268' title='bbox 1186 3701 1221 3766; x_wconf 87' lang='grc' dir='ltr'><strong><em>τὸ</em></strong></span> <span class='ocrx_word' id='word_1_269' title='bbox 1237 3699 1334 3782; x_wconf 68' lang='lat' dir='ltr'><strong>[Arci]</strong></span> <span class='ocrx_word' id='word_1_270' title='bbox 1340 3727 1379 3789; x_wconf 84' lang='grc' dir='ltr'><strong><em>τῳ</em></strong></span> 
     </span>
     <span class='ocr_line' id='line_1_31' title="bbox 228 3789 1380 3878; baseline -0.003 -20"><span class='ocrx_word' id='word_1_271' title='bbox 228 3796 385 3878; x_wconf 81' lang='grc' dir='ltr'><strong><em>Θετταλῷ.</em></strong></span> <span class='ocrx_word' id='word_1_272' title='bbox 501 3798 558 3856; x_wconf 79' lang='grc' dir='ltr'><strong><em>τοῦ</em></strong></span> <span class='ocrx_word' id='word_1_273' title='bbox 577 3799 646 3856; x_wconf 81' lang='lat' dir='ltr'><strong>add.</strong></span> <span class='ocrx_word' id='word_1_274' title='bbox 666 3800 707 3856; x_wconf 88' lang='grc' dir='ltr'><strong><em>Μ.</em></strong></span> <span class='ocrx_word' id='word_1_275' title='bbox 824 3801 932 3858; x_wconf 88' lang='grc'><strong>15.16.</strong></span> <span class='ocrx_word' id='word_1_276' title='bbox 952 3797 1008 3874; x_wconf 83' lang='grc' dir='ltr'><strong><em>τῆς</em></strong></span> <span class='ocrx_word' id='word_1_277' title='bbox 1026 3789 1174 3874; x_wconf 80' lang='grc' dir='ltr'><strong><em>τετάρτης</em></strong></span> <span class='ocrx_word' id='word_1_278' title='bbox 1192 3795 1306 3876; x_wconf 87' lang='grc' dir='ltr'><strong><em>μοίρας</em></strong></span> <span class='ocrx_word' id='word_1_279' title='bbox 1325 3797 1380 3877; x_wconf 85' lang='grc' dir='ltr'><strong><em>τήν</em></strong></span> 
     </span>
     <span class='ocr_line' id='line_1_32' title="bbox 225 3884 1381 3970; baseline 0.001 -19"><span class='ocrx_word' id='word_1_280' title='bbox 225 3887 421 3966; x_wconf 76' lang='grc' dir='ltr'><strong><em>ἓπωνυμίανλ</em></strong></span> <span class='ocrx_word' id='word_1_281' title='bbox 538 3896 583 3950; x_wconf 86' lang='grc'><strong>17.</strong></span> <span class='ocrx_word' id='word_1_282' title='bbox 604 3884 683 3967; x_wconf 86' lang='grc' dir='ltr'><strong><em>πρός</em></strong></span> <span class='ocrx_word' id='word_1_283' title='bbox 702 3888 830 3964; x_wconf 88' lang='grc' dir='ltr'><strong><em>δυσμῶν</em></strong></span> <span class='ocrx_word' id='word_1_284' title='bbox 849 3891 903 3968; x_wconf 81' lang='grc' dir='ltr'><strong><em>τῆς</em></strong></span> <span class='ocrx_word' id='word_1_285' title='bbox 922 3886 1058 3964; x_wconf 90' lang='grc' dir='ltr'><strong><em>Πίνδου]</em></strong></span> <span class='ocrx_word' id='word_1_286' title='bbox 1083 3890 1215 3949; x_wconf 81' lang='lat' dir='ltr'><strong>Debebot</strong></span> <span class='ocrx_word' id='word_1_287' title='bbox 1234 3901 1284 3948; x_wconf 80' lang='lat' dir='ltr'><strong><em>out</em></strong></span> <span class='ocrx_word' id='word_1_288' title='bbox 1303 3889 1381 3970; x_wconf 81' lang='grc' dir='ltr'><strong><em>πρὸς</em></strong></span> 
     </span>
     <span class='ocr_line' id='line_1_33' title="bbox 226 3974 1379 4060; baseline 0.001 -17"><span class='ocrx_word' id='word_1_289' title='bbox 226 3981 386 4043; x_wconf 79' lang='grc' dir='ltr'><strong><em>ἀνατολῶν</em></strong></span> <span class='ocrx_word' id='word_1_290' title='bbox 404 3984 460 4059; x_wconf 82' lang='grc' dir='ltr'><strong><em>τῆς</em></strong></span> <span class='ocrx_word' id='word_1_291' title='bbox 479 3980 615 4051; x_wconf 89' lang='grc' dir='ltr'><strong><em>Πίνδου,</em></strong></span> <span class='ocrx_word' id='word_1_292' title='bbox 643 3994 692 4040; x_wconf 85' lang='lat' dir='ltr'><strong><em>aut</em></strong></span> <span class='ocrx_word' id='word_1_293' title='bbox 710 3976 788 4060; x_wconf 87' lang='grc' dir='ltr'><strong><em>πρὸς</em></strong></span> <span class='ocrx_word' id='word_1_294' title='bbox 808 3981 935 4058; x_wconf 89' lang='grc' dir='ltr'><strong><em>δυσμῶν</em></strong></span> <span class='ocrx_word' id='word_1_295' title='bbox 953 3982 1009 4058; x_wconf 86' lang='grc' dir='ltr'><strong><em>τῆς</em></strong></span> <span class='ocrx_word' id='word_1_296' title='bbox 1022 3974 1148 4056; x_wconf 84' lang='grc' dir='ltr'><strong><em>Ὄσσης.</em></strong></span> <span class='ocrx_word' id='word_1_297' title='bbox 1169 3984 1218 4057; x_wconf 90' lang='lat' dir='ltr'><strong><em>qui</em></strong></span> <span class='ocrx_word' id='word_1_298' title='bbox 1240 3983 1379 4045; x_wconf 80' lang='lat' dir='ltr'>Characis</span> 
     </span>
     <span class='ocr_line' id='line_1_34' title="bbox 226 4068 1380 4157; baseline 0 -21"><span class='ocrx_word' id='word_1_299' title='bbox 226 4079 322 4157; x_wconf 73' lang='lat' dir='ltr'><strong>potios</strong></span> <span class='ocrx_word' id='word_1_300' title='bbox 342 4095 427 4153; x_wconf 79' lang='lat' dir='ltr'><strong>quam</strong></span> <span class='ocrx_word' id='word_1_301' title='bbox 448 4077 628 4133; x_wconf 82' lang='lat' dir='ltr'><strong>librariorum</strong></span> <span class='ocrx_word' id='word_1_302' title='bbox 648 4095 729 4133; x_wconf 82' lang='lat' dir='ltr'><strong>error</strong></span> <span class='ocrx_word' id='word_1_303' title='bbox 747 4095 813 4134; x_wconf 80' lang='lat' dir='ltr'><strong>esso</strong></span> <span class='ocrx_word' id='word_1_304' title='bbox 833 4075 954 4132; x_wconf 78' lang='lat' dir='ltr'><strong>videtur.</strong></span> <span class='ocrx_word' id='word_1_305' title='bbox 1033 4081 1080 4134; x_wconf 85' lang='grc'><strong>18.</strong></span> <span class='ocrx_word' id='word_1_306' title='bbox 1100 4068 1209 4151; x_wconf 80' lang='grc' dir='ltr'><strong><em>εἰλήχει</em></strong></span> <span class='ocrx_word' id='word_1_307' title='bbox 1230 4076 1262 4144; x_wconf 86' lang='lat' dir='ltr'><strong><em>S,</em></strong></span> <span class='ocrx_word' id='word_1_308' title='bbox 1283 4071 1380 4153; x_wconf 81' lang='grc' dir='ltr'><strong><em>είληχε</em></strong></span> 
     </span>
     <span class='ocr_line' id='line_1_35' title="bbox 226 4161 1381 4246; baseline 0 -18"><span class='ocrx_word' id='word_1_309' title='bbox 226 4172 305 4230; x_wconf 81' lang='lat' dir='ltr'><strong>editi.</strong></span> <span class='ocrx_word' id='word_1_310' title='bbox 411 4175 460 4226; x_wconf 84' lang='lat'><strong><em>20.</em></strong></span> <span class='ocrx_word' id='word_1_311' title='bbox 480 4165 607 4245; x_wconf 90' lang='grc' dir='ltr'><strong><em>Δῶρος]</em></strong></span> <span class='ocrx_word' id='word_1_312' title='bbox 633 4169 678 4225; x_wconf 82' lang='lat' dir='ltr'><strong><em>Ex</em></strong></span> <span class='ocrx_word' id='word_1_313' title='bbox 698 4169 729 4226; x_wconf 88' lang='lat' dir='ltr'><strong><em>S.</em></strong></span> <span class='ocrx_word' id='word_1_314' title='bbox 750 4169 888 4246; x_wconf 84' lang='lat' dir='ltr'><strong>epitome:</strong></span> <span class='ocrx_word' id='word_1_315' title='bbox 913 4165 1035 4245; x_wconf 89' lang='grc' dir='ltr'><strong><em>Δῶρος,</em></strong></span> <span class='ocrx_word' id='word_1_316' title='bbox 1055 4161 1142 4234; x_wconf 86' lang='grc' dir='ltr'><strong><em>πόλις</em></strong></span> <span class='ocrx_word' id='word_1_317' title='bbox 1163 4164 1318 4243; x_wconf 80' lang='grc' dir='ltr'><strong><em>Φοινίκης,</em></strong></span> <span class='ocrx_word' id='word_1_318' title='bbox 1339 4163 1381 4237; x_wconf 87' lang='grc' dir='ltr'><strong><em>ῶς</em></strong></span> 
     </span>
     <span class='ocr_line' id='line_1_36' title="bbox 225 4251 1379 4336; baseline 0 -16"><span class='ocrx_word' id='word_1_319' title='bbox 225 4261 277 4320; x_wconf 81' lang='grc' dir='ltr'><strong><em>καί</em></strong></span> <span class='ocrx_word' id='word_1_320' title='bbox 299 4254 447 4336; x_wconf 80' lang='grc' dir='ltr'><strong><em>’ίῶσηπος</em></strong></span> <span class='ocrx_word' id='word_1_321' title='bbox 471 4254 522 4315; x_wconf 79' lang='grc' dir='ltr'><strong><em>καί</em></strong></span> <span class='ocrx_word' id='word_1_322' title='bbox 547 4251 642 4316; x_wconf 78' lang='grc' dir='ltr'><strong><em>ἄλλοι.</em></strong></span> <span class='ocrx_word' id='word_1_323' title='bbox 669 4255 704 4318; x_wconf 88' lang='grc' dir='ltr'><strong><em>τὸ</em></strong></span> <span class='ocrx_word' id='word_1_324' title='bbox 730 4255 853 4318; x_wconf 70' lang='grc' dir='ltr'><strong><em>έθνικδν</em></strong></span> <span class='ocrx_word' id='word_1_325' title='bbox 871 4257 1026 4336; x_wconf 88' lang='grc' dir='ltr'><strong><em>Δωρίτης.</em></strong></span> <span class='ocrx_word' id='word_1_326' title='bbox 1052 4256 1239 4328; x_wconf 87' lang='grc' dir='ltr'><strong><em>Παυσανίας</em></strong></span> <span class='ocrx_word' id='word_1_327' title='bbox 1258 4257 1292 4318; x_wconf 79' lang='grc' dir='ltr'><strong><em>δέ</em></strong></span> <span class='ocrx_word' id='word_1_328' title='bbox 1311 4259 1379 4320; x_wconf 88' lang='grc' dir='ltr'><strong><em>Δω·</em></strong></span> 
     </span>
     <span class='ocr_line' id='line_1_37' title="bbox 226 4342 1209 4429; baseline 0 -19"><span class='ocrx_word' id='word_1_329' title='bbox 226 4359 299 4426; x_wconf 82' lang='grc' dir='ltr'><strong><em>ριεῖς</em></strong></span> <span class='ocrx_word' id='word_1_330' title='bbox 319 4349 466 4427; x_wconf 84' lang='grc' dir='ltr'><strong><em>(Δωσιεῖς</em></strong></span> <span class='ocrx_word' id='word_1_331' title='bbox 485 4348 525 4413; x_wconf 84' lang='lat' dir='ltr'><strong><em>R)</em></strong></span> <span class='ocrx_word' id='word_1_332' title='bbox 547 4342 662 4417; x_wconf 79' lang='grc' dir='ltr'><strong><em>αὐτούς</em></strong></span> <span class='ocrx_word' id='word_1_333' title='bbox 682 4369 785 4428; x_wconf 75' lang='grc' dir='ltr'><strong><em>φησιν.</em></strong></span> <span class='ocrx_word' id='word_1_334' title='bbox 813 4345 877 4410; x_wconf 77' lang='grc' dir='ltr'><strong><em>έστι</em></strong></span> <span class='ocrx_word' id='word_1_335' title='bbox 898 4348 949 4410; x_wconf 82' lang='grc' dir='ltr'><strong><em>καί</em></strong></span> <span class='ocrx_word' id='word_1_336' title='bbox 970 4346 1093 4429; x_wconf 85' lang='grc' dir='ltr'><strong><em>Καρίας</em></strong></span> <span class='ocrx_word' id='word_1_337' title='bbox 1112 4343 1209 4418; x_wconf 89' lang='grc' dir='ltr'><strong><em>πόλις.</em></strong></span> 
     </span>
    </p>
   </div>
   <div class='ocr_carea' id='block_1_6' title="bbox 0 0 1456 5070">
    <p class='ocr_par' dir='ltr' id='par_1_7' title="bbox 0 0 1456 5070">
     <span class='ocr_line' id='line_1_38' title="bbox 0 0 1456 5070; baseline 0 0"><span class='ocrx_word' id='word_1_338' title='bbox 0 0 1456 5070; x_wconf 95' lang='lat' dir='ltr'><strong><em> </em></strong></span> 
     </span>
    </p>
   </div>
  </div>
 </body>
</html>
