2850 5092
645 193 688 264 71

76 363 181 434 άστσί
206 369 266 434 καί
293 364 427 436 άστικοί
455 365 486 436 σί
508 367 687 458 Ἀθηναῖοι
716 370 779 462 [τίς
806 376 862 442 καὶ
891 374 949 444 ἐπί
966 373 1093 466 Ῥώμης
1116 378 1248 465 λέγεται

79 481 202 577 olium}
249 483 377 574 ἐκλήθη
409 487 447 556 δὲ
475 487 533 555 ἐπί
558 495 625 556 τῶν
648 488 838 575 Ῥωμαϊκῶν
860 492 1012 583 Σεβαστή
1041 497 1099 563 καὶ
1121 493 1246 566 Ἰουλία

78 607 135 672 καί
160 603 319 672 Κλαυδία
339 606 397 674 καί
420 607 613 698 Δομετιανή
634 613 691 680 καί
708 607 952 702 Ἀλεξεντηρία.
995 620 1043 702 τῷ
1070 616 1109 684 δὲ
1131 640 1244 685 συνοι-

77 729 190 812 κισμῷ
211 722 563 813 τριακοντατεσσάρων
584 728 654 796 ἐστὶ
676 728 822 799 σταδίων
843 731 882 798 τό
904 735 1018 819 μῆκος,
1043 728 1129 802 δκτεδ
1148 737 1186 804 δδ
1202 734 1242 804 τδ

77 841 226 924 πλάτας,
248 837 269 930 ἡ
293 843 333 912 δὲ
355 841 416 930 ὅλη
438 843 637 934 περίμετρος
659 848 804 916 σταδίων
825 846 943 918 ἑκατὸν
964 851 1057 919 δέκα.
1100 855 1267 945 δευτέραν

76 961 150 1030 ἐστὶ
171 958 275 1042 πόλις
293 960 426 1050 Τροίας,
448 961 484 1030 ἐν
503 953 527 1054 ᾗ
544 961 671 1052 ἐγένετο
682 963 841 1056 Ἡγήμων
857 968 1035 1054 ἐποποιός,
1059 965 1097 1051 lic
1113 969 1241 1062 δἠραεμε

77 1081 136 1147 τάν
163 1081 375 1168 Λευκτρικὸν
402 1077 553 1166 πόλεμον
581 1089 647 1150 τῶν
676 1083 833 1174 Θηβαίων
859 1087 917 1156 καί
942 1090 1239 1174 Λακεδαιμονίων.

77 1200 157 1286 περί
186 1191 227 1288 ἧς
248 1200 472 1288 Δημοσθένης
499 1201 533 1270 ἐν
552 1199 699 1294 τετάρτῳ
721 1210 950 1274 Βιθυνιακιδν.
992 1205 1085 1296 τρίτη
1110 1207 1240 1302 Θρᾴκης

78 1318 164 1402 πρὸς
180 1323 224 1407 τῇ
240 1316 450 1409 Μακεδονίᾳ,
473 1312 514 1408 ἣν
535 1317 643 1390 ilvam
664 1325 732 1412 πρὸ
747 1328 807 1414 τῆς
821 1319 967 1412 μεγάλης
984 1319 1239 1415 Ἀλεξανδρείας

78 1433 306 1505 ἑπτακαίδεκα
329 1433 375 1506 ὢν
396 1437 488 1506 ε’τιῖίν.
520 1437 659 1529 τετάρτη
680 1436 782 1522 πόλις
798 1437 945 1530 Ὠριτῶν,
967 1439 1090 1524 ἔθνους
1107 1441 1237 1529 Ἰχθνσ-
1251 1477 1276 1516 ω

78 1551 215 1642 τράγων,
247 1557 332 1625 κατά
362 1557 422 1626 τὸν
452 1555 643 1646 περίπλουν
674 1562 734 1647 τῆς
761 1554 910 1648 Ἰνδικῆς.
959 1561 1096 1651 πέμπτη
1128 1565 1162 1632 ἐν
1194 1570 1236 1655 τῇ

75 1670 236 1763 Ὠπιανῇ,
264 1675 349 1745 κατά
370 1676 430 1764 την
448 1673 598 1766 Ἰνδικήν.
642 1676 716 1766 ἕκτη
738 1674 842 1746 πάλιν
860 1674 1009 1767 Ἰνδικῆς.
1055 1678 1180 1770 ἑβδόμη
1203 1683 1237 1752 ίν

73 1789 207 1880 Ἀρίσις,
231 1791 328 1862 illvm
349 1794 563 1883 Παρθυαίων
584 1794 669 1864 κατά
691 1794 751 1884 την
770 1791 920 1884 Ἰνδικήν.
965 1792 1068 1883 ὀγδόη
1089 1802 1148 1886 τῆς
1169 1807 1235 1870 Κι-

77 1911 198 1994 λικίας.
220 1910 318 2002 ἐνάτη
339 1913 375 1982 ἐν
390 1910 530 2002 Κάπρῳ.
561 1910 682 2000 δεκάτη
700 1914 785 2001 πρὸς
799 1918 846 2001 τῷ
863 1910 996 2003 Λάτμηι
1018 1920 1076 2002 τῆς
1093 1915 1234 2006 Καρίας,

76 2031 109 2099 iv
138 2022 163 2122 ᾗ
192 2028 357 2100 Ἀδώνιοι
387 2025 427 2122 ἦν
459 2031 534 2114 iiior
564 2023 792 2120 Πραξιτέλους
818 2029 1030 2123 Ἀφροδίτην.
1077 2032 1233 2126 ἑνδεκάτη
1247 2063 1271 2104 ιε

77 2151 158 2217 κατά
194 2147 339 2239 Βάκτρα.
386 2149 556 2239 δωδεκάτη
589 2151 624 2220 ἐν
652 2148 865 2239 Ἀραχώταις.
908 2151 1163 2242 τρισκαιδεκάτη
1198 2152 1232 2224 ἐν

76 2267 283 2360 Μακαρήνη,
312 2264 352 2358 ἣν
374 2277 541 2364 παραρρεῖ
561 2271 714 2355 ποταμὸς
736 2269 912 2354 Μαξάτης.
953 2277 1231 2368 τεσσαρεσκαιδε-

76 2387 155 2477 κάτη
181 2390 277 2477 παρὰ
298 2396 497 2478 Συριακοῖς,
523 2386 649 2478 Ἰνδικῷ
677 2387 783 2460 ἔθνει.
827 2389 1107 2480 πεντεκαιδεκάτη
1136 2393 1230 2482 παρά

75 2516 143 2590 τοῖς
159 2505 375 2599 Ἀραχώταις,
398 2506 569 2596 ὃμοροῦσα
591 2512 633 2597 τῇ
651 2506 784 2598 Ἰνδικῇ.
829 2507 1044 2598 ἑκκαιδεκάιη
1066 2512 1152 2578 κατά
1172 2512 1231 2582 τὸν

76 2631 216 2700 Μέλανα
244 2626 386 2696 κόλπον.
431 2625 697 2715 ἑπτακαιδεκάτη
727 2625 760 2696 ἐν
788 2633 828 2717 τῇ
850 2629 1016 2718 Σογδιανῇ
1036 2629 1131 2715 παρά
1154 2636 1269 2702 lla-iu

76 2746 340 2836 ρσπαμισάδαις.
369 2743 633 2833 ὀκτωκαιδεκάτη
649 2747 706 2814 ἐπὶ
720 2751 780 2813 τοῦ
795 2743 967 2826 ΙΤανάιδος
984 2742 1087 2813 αίποῦ
1101 2745 1230 2830 κτίσμα,

76 3143 101 3195 1.
119 3131 253 3195 άστυκοί
275 3138 312 3194 R.
421 3129 463 3204 ὡς
482 3133 532 3194 καί
554 3133 600 3195 lul
628 3137 664 3205 Χ,
689 3129 730 3203 ὡς
748 3133 799 3194 καί
820 3127 836 3192 ὃ
857 3127 918 3192 ἀπὸ
945 3135 1008 3201 RV,
1035 3128 1075 3200 ὡς
1095 3131 1145 3192 καί
1165 3129 1226 3196 ἀπὸ

75 3228 138 3287 All.
226 3237 258 3288 2.
279 3221 378 3302 οδρψ]
400 3226 515 3302 ε’ττίουψ
535 3227 638 3288 miv.
720 3222 881 3302 ‘Paululum
902 3227 938 3282 V.
1017 3231 1045 3284 3.
1060 3219 1226 3300 Ἀλεξεκτη·

74 3320 124 3397 ρία
142 3325 218 3392 1¹·V‚
233 3315 462 3399 Ἀλλεξεντηρία
481 3319 557 3390 Hllq
576 3317 823 3398 Ἀλλεγξεντηρίιι
842 3311 1126 3395 Ρῑ»,Ἀ1ιξυννηρω
1146 3320 1180 3374 Α.

75 3419 100 3473 l.
118 3411 288 3495 τριάκοντα
308 3415 344 3473 B.
428 3415 457 3472 1.
470 3419 498 3474 5.
519 3410 593 3472 δίκα
613 3411 648 3472 δὲ
667 3411 702 3472 τίν
722 3409 838 3480 πλάτος
857 3413 893 3471 B.
977 3416 1005 3474 5.
1026 3407 1163 3468 σταδίων
1181 3405 1227 3488 ‹iy-

74 3502 224 3584 δοήκοντα
245 3509 282 3566 Β.
374 3517 402 3567 9.
425 3503 609 3588 Μακεδονίᾳ
628 3509 797 3577 Salmasius,
815 3500 1055 3586 Λακεδαιμονίᾳ
1075 3503 1148 3561 libri.

75 3607 118 3658 10.
137 3595 270 3679 Ὠριττῦν
290 3601 354 3668 llll,
375 3599 525 3673 Νεαρτιῖνν
546 3601 618 3658 libri.
637 3603 676 3660 cs.
698 3601 871 3674 wesseling.
894 3599 931 3656 aul
951 3596 1037 3654 Diod.
1059 3597 1117 3654 Sic.
1139 3597 1227 3654 vol.2

73 3715 100 3770 p·
120 3697 187 3754 2⁴1.
308 3697 354 3750 12.
373 3685 502 3771 Ὠπιανῇ
529 3694 571 3760 ll,
597 3687 726 3770 Ὀπιανῇ
751 3693 830 3758 libri,
857 3685 980 3768 Ὀξιανῇ
1005 3688 1226 3757 Freinshemius,

68 3781 190 3865 Ἀριανῇ
210 3785 383 3844 Salmasius.
481 3788 527 3842 17.
548 3781 720 3861 Μακαρίνη
740 3785 776 3850 ll,
801 3780 980 3860 Μαξαρηνῇ
1002 3783 1038 3847 ll,
1058 3779 1227 3859 Σακασηνῇ

70 3880 240 3938 Salmasius.
325 3870 483 3952 Μαξιίρης
504 3879 541 3946 Η,
563 3871 722 3951 Ἰαξάρτης
742 3876 911 3934 Salmasius.
995 3881 1041 3934 18.
1063 3872 1130 3948 περί
1152 3875 1187 3931 V.

72 3970 237 4048 Συριακοῖς
255 3969 341 4038 Phil,
364 3967 551 4044 Σαηιοανοίς
571 3971 671 4037 pulv,
690 3964 857 4044 Ἀρειανοῖς
877 3967 1089 4026 Freinshemius
1110 3977 1138 4024 el
1158 3967 1222 4024 sal-

72 4068 183 4124 masius.
308 4069 354 4122 19.
374 4055 586 4137 ίκκιιιδεκάτη]
615 4065 693 4120 ίλιιεε
716 4081 769 4118 uou
791 4062 903 4118 diuersa
925 4063 959 4116 als
981 4081 1014 4118 uu
1037 4080 1120 4136 quum
1142 4061 1225 4116 tullio

72 4158 129 4216 loco
149 4157 332 4216 memoravit.
416 4163 462 4214 20.
476 4161 522 4212 21.
545 4152 629 4232 παρὰ
650 4147 937 4228 Παροτιαμισάδάις
959 4155 994 4222 ΙΙ,
1015 4149 1100 4228 παρὰ
1121 4151 1225 4228 Παρο-

71 4246 286 4326 καμισσιίδαις
309 4250 344 4316 Η,
364 4241 435 4323 παρ’
458 4240 663 4314 ὀπανιοιίδαις
685 4246 811 4306 ΑΠΙΝ.
896 4253 942 4306 21.
965 4242 1060 4308 αὐτοῦ
1082 4241 1225 4318 [Ἀλεξάν-

73 4341 154 4420 δρου]
176 4340 298 4416 κτίσμα
319 4341 373 4418 Pp.
395 4343 448 4400 uisi
470 4360 503 4398 ua
524 4339 659 4400 Sulmusii
680 4345 843 4400 sollicetum
864 4351 916 4398 est.
