2888 5070
604 283 703 388 ,aas

82 462 249 548 Ἠιονεύς.
285 462 357 534 ἔστι
380 465 437 532 καὶ
458 459 543 552 λίλλη
565 464 653 555 πρὸς
673 467 716 554 τῇ
737 459 873 553 Πιερίᾳ.
907 461 947 530 τὸ
970 459 1107 530 Abscede
1127 457 1247 549 ταύτης

81 582 264 674 Ἠιονίτης.

168 699 457 785 Ἠλακαταῖον,
481 696 559 792 ὅρος
579 699 780 783 Θεσσαλίας,
804 698 893 770 ὅπου
914 702 971 770 καὶ
993 701 1081 781 Διὸς
1097 695 1246 768 Ἠλακα-

85 822 184 893 ταίου
206 818 306 912 λαρόν.
338 822 377 890 τὸ
400 821 537 890 aarum
554 817 801 901 Ἠλακαταιούς
822 817 919 901 Ζεύς.
951 821 1009 890 καὶ
1026 813 1244 897 Ἠλακατεῦς.

169 938 429 1031 Ἠλεκτρίδος
456 944 589 1029 νῆσοι,
618 939 653 1009 ἐν
680 931 735 1020 αἷς
762 936 912 1010 circuitio
939 935 1134 1032 ἀνδριάντες
1156 942 1271 1006 Aac-s

90 1056 196 1128 σάλου
223 1060 281 1128 καὶ
304 1056 444 1150 Ἰκάρου.
490 1054 638 1152 αταύτας
670 1059 709 1127 δὲ
740 1059 801 1139 τὰς
832 1054 954 1148 νήσους
984 1060 1071 1150 φασὶ
1100 1058 1157 1127 καὶ
1186 1056 1246 1125 τὸν

87 1175 271 1269 Ἠριδανὸν
285 1176 439 1261 ποταμὸν
454 1176 732 1267 προσκεχωκέναι.
769 1175 841 1247 ἔστι
862 1179 901 1248 δὲ
921 1179 978 1246 καὶ
993 1175 1090 1266 λίμνη
1105 1171 1248 1265 πλησίον

89 1303 149 1366 τοῦ
170 1302 326 1382 ποταμοῦ
347 1295 436 1385 ὕδωρ
453 1293 575 1382 ἔχουσα
592 1291 735 1384 θερμόν,
759 1292 845 1384 ὀσμὴ
870 1297 908 1366 δὲ
931 1291 990 1364 ἀπ’
1008 1292 1110 1385 αὐτῆς
1125 1299 1246 1384 βαρεῖα

90 1582 187 1630 nostro
217 1569 249 1632 ίν
278 1573 503 1652 praepositionis
534 1589 603 1630 usus
631 1581 685 1631 est.
711 1565 902 1650 χερρόνησον
932 1583 1028 1630 autem
1058 1571 1096 1632 de
1128 1570 1246 1629 Chalci-

91 1666 154 1725 dice
180 1666 251 1724 dixit
275 1667 352 1724 idem
378 1665 571 1744 compluribus
597 1665 682 1735 locis,
709 1685 781 1742 quos
807 1667 889 1724 attuli
914 1665 957 1724 ad·
973 1685 998 1723 v.
1019 1659 1115 1741 Σάνη.
1143 1665 1247 1721 iniuria

90 1760 176 1835 igitur
195 1767 317 1837 carpunt
336 1759 425 1816 nostri
446 1777 582 1818 errorem.
660 1764 708 1818 22.
725 1754 935 1835 Θουκυδίδης]
957 1764 984 1828 1,
1002 1763 1050 1818 98.
1070 1757 1098 1828 A,
1118 1760 1245 1825 50‚107.

90 1847 125 1910 τὸ
147 1847 270 1910 ε’θνικόν
290 1871 346 1909 om.
367 1853 403 1909 R.
522 1858 549 1912 1.
570 1847 648 1933 πρὸς
666 1853 705 1931 τῇ
725 1847 853 1934 Πιερίᾳ]
879 1853 964 1910 Hanc
988 1871 1044 1909 non
1065 1851 1210 1908 diversam
1229 1867 1248 1906 a

91 1946 240 2023 superiore
261 1945 403 2002 existimat
424 1945 459 2014 H,
479 1946 602 2004 Pieriam
623 1947 784 2022 intelligens
805 1939 949 2021 regionem
971 1964 1045 2014 earn,
1071 1962 1157 2022 quarn
1177 1943 1245 2000 olim

90 2037 189 2096 Pieres
201 2035 239 2094 ad
250 2037 410 2112 Strymonis
426 2039 499 2097 ostia
515 2048 676 2098 tenuerunt.
699 2037 752 2097 sed
769 2037 835 2094 huic
849 2038 1032 2097 coniecturae
1045 2055 1147 2117 parum
1166 2037 1247 2094 lavet

92 2130 206 2206 gentilis
233 2129 398 2201 diversitas,
424 2149 499 2208 quae
524 2132 599 2190 lianc
621 2133 718 2210 potius
745 2131 799 2186 rim
825 2130 932 2188 habere
958 2129 1045 2189 debet
1070 2127 1247 2202 ut‚Pieria1b

91 2223 282 2298 intelligamus
302 2224 461 2299 Syriacam.
489 2233 601 2282 constat
625 2223 803 2282 Macedones
828 2241 900 2300 quas
925 2224 956 2282 in
982 2221 1067 2299 Syria
1090 2221 1249 2280 Phoenicia

93 2315 214 2392 aliisque
233 2319 389 2395 provinciis
407 2321 492 2376 urbes
513 2318 712 2386 condiderunt,
732 2318 767 2374 iis
787 2316 1037 2374 Macedonicarum
1057 2315 1174 2372 nomina
1193 2315 1247 2372 im·

92 2429 202 2487 ponere
222 2410 322 2467 solitos
342 2410 442 2479 fuisse,
463 2430 499 2469 en
520 2430 576 2488 qno
596 2430 702 2487 genere
723 2419 789 2469 sunt
804 2411 906 2468 Larisa
919 2409 995 2467 Dion
1008 2407 1092 2466 Pella
1104 2407 1249 2466 Heraclea

91 2503 225 2582 Europus
258 2502 373 2562 Beroea
400 2503 543 2562 Arethusa
573 2504 701 2580 Cyrrbus
729 2503 845 2560 Chalcis
877 2504 962 2562 aliae.
993 2521 1050 2559 non
1080 2501 1248 2559 incredibile
1286 2520 1292 2533 ·

92 2597 179 2672 igitur
203 2597 289 2654 etiam
313 2595 434 2655 Eionem
459 2598 598 2673 Syriacae
621 2596 735 2656 Pieriae
760 2596 851 2654 fuisse
877 2598 990 2664 urbem,
1017 2613 1035 2652 a
1058 2593 1269 2654 Macedonica·

93 2691 164 2745 urbe
185 2687 405 2748 denominatam.
431 2709 485 2748 nec
510 2692 621 2748 urbium
641 2700 763 2758 tantum,
790 2688 843 2747 sed
869 2689 955 2747 etiam
980 2687 1130 2744 fluviorum
1149 2687 1248 2745 Mace·

95 2781 264 2838 donicorum
287 2784 402 2840 nomina
422 2784 452 2841 iu
472 2783 584 2858 Syriam
605 2781 793 2850 transtulere,
819 2783 900 2838 cuius
920 2783 961 2840 rei
983 2797 1084 2848 unum,
1105 2778 1157 2836 sed
1178 2780 1249 2836 satis

97 2881 220 2941 certum,
241 2883 271 2929 ut
289 2875 357 2932 mibi
377 2876 492 2951 quidem
514 2874 639 2944 videtur,
659 2875 822 2953 exemplum
841 2873 933 2952 repeti
952 2865 1040 2952 posse
1062 2872 1198 2940 existimo.
1214 2891 1250 2930 ex

93 2966 269 3034 Aristotelis,
296 2968 343 3042 qui
370 2967 487 3038 dicitur,
515 2970 624 3046 scripto
651 2969 688 3026 de
715 2978 862 3026 ventorum
887 2965 1048 3024 nominibus
1075 2965 1122 3024 ed.
1148 2953 1248 3024 Berol.
1348 2989 1360 3018 ι

93 3080 123 3140 p.
144 3062 210 3120 973.
233 3059 281 3117 ubi
300 3059 373 3120 baec
393 3061 538 3138 leguntur:
566 3043 657 3129 οὗτος
676 3051 880 3137 (ἀπηλιώτης)
901 3053 934 3116 ἓν
951 3053 1008 3132 μὲν
1031 3052 1175 3136 Τριπόλει
1194 3057 1250 3148 τῇς

96 3147 241 3228 Φοινίκης
259 3147 416 3227 ποταμεὺς
435 3153 584 3222 καλεῖται,
610 3158 681 3211 πνεῖ
701 3149 735 3211 (ld
759 3148 792 3210 lx
815 3147 922 3209 πεδίου
948 3143 1056 3225 ὁμοίου
1083 3141 1178 3209 itum
1200 3169 1250 3226 με·

92 3235 185 3321 ηιλλη,
210 3241 427 3319 περιεχομένου
452 3239 512 3305 ὑπό
530 3267 563 3305 τε
583 3247 639 3305 τοῦ
657 3239 807 3320 Λιβάνου
827 3238 880 3301 καλ
899 3243 954 3301 τοῦ
974 3235 1126 3320 Βαπύρου
1147 3233 1249 3320 ὄρους,

93 3331 176 3414 παρὸ
197 3332 247 3394 καί
268 3333 426 3412 ποταμεῦς
445 3338 589 3398 καλεῖται.
615 3339 717 3397 horum
736 3347 884 3418 postrema
903 3347 1034 3415 apertum
1055 3345 1099 3394 est
1118 3336 1158 3394 ita
1178 3337 1250 3392 scri-

95 3430 190 3488 benda
216 3447 295 3488 esse:
326 3421 387 3488 ὑπό
412 3449 445 3488 τε
468 3430 525 3489 rosi
548 3425 699 3506 Λιβάνου
727 3422 820 3506 ὅρους
845 3425 896 3487 καί
921 3422 1073 3507 Βαπύρου
1096 3428 1250 3503 ποταμοῦ,

94 3515 177 3598 παρὸ
198 3517 249 3579 καί
269 3517 426 3596 aaronem
445 3523 590 3582 καλεῖται.
610 3545 664 3602 pro
679 3517 831 3599 Boaripov
847 3531 942 3580 autem
959 3523 1070 3580 conicio
1083 3515 1249 3600 Βαφύροσ,

95 3614 174 3689 quod
187 3614 368 3673 Macedonici
389 3615 467 3674 durii
486 3617 517 3673 in
530 3615 627 3674 Pieria
647 3635 751 3675 nomen
772 3625 825 3683 est,
846 3624 877 3670 ot
893 3623 1005 3672 constat
1018 3634 1055 3673 ex
1067 3614 1251 3674 Arclrestrato

93 3706 235 3766 Athenaei
253 3712 282 3766 7.
303 3728 333 3786 p.
353 3713 447 3768 226e.
468 3709 614 3788 Lycopbr.
634 3709 692 3768 274
712 3717 741 3766 et
760 3708 885 3766 Pausan.
900 3713 928 3776 9,
944 3713 990 3776 30,
1006 3713 1035 3768 8.
1113 3711 1141 3765 3.
1158 3701 1252 3766 Ἠλα·

93 3791 222 3858 κάταιον
241 3801 315 3858 libri.
341 3800 380 3860 cs.
400 3800 504 3860 Arcad.
525 3822 556 3880 p.
576 3807 643 3874 120,
663 3803 714 3860 24:
734 3797 773 3860 τιλ
794 3795 846 3858 διὰ
866 3801 922 3857 τοῦ
940 3805 1011 3858 fib?
1029 3792 1254 3880 προπαροξύνε·

92 3910 145 3948 ται
167 3932 195 3948 ..
212 3888 310 3968 χωρίς
333 3891 389 3949 τοῦ
413 3889 640 3972 Χαλαστριιῖον
665 3892 768 3973 νίτρον
791 3891 842 3953 καλ
868 3891 1065 3973 Στεφαναΐον
1086 3890 1137 3952 καί
1159 3887 1252 3951 Ἠλα·

94 3987 224 4041 καταΐον
243 3980 294 4041 καί
314 3983 545 4063 Καναστραῖον.
661 3988 689 4047 4.
710 3983 790 4056 Ζευς
809 3983 861 4046 καλ
882 3983 984 4057 HRV,
1009 3983 1060 4045 καλ
1079 3981 1160 4053 Ζεὺς
1179 3988 1214 4045 A.

95 4079 123 4134 5.
141 4068 339 4154 Ἠλεκτρίὸαι
360 4086 428 4136 ante
448 4079 485 4136 X.
564 4078 652 4155 νῆσοι
673 4083 706 4150 A,
726 4081 819 4159 νῆσος
838 4080 902 4139 RV.
980 4075 1022 4147 είς
1038 4071 1075 4148 ἃς
1094 4080 1157 4148 RV,
1179 4097 1254 4155 quae

96 4169 295 4246 epitomatoris
315 4179 360 4226 est
380 4173 532 4246 graecitas.
616 4175 644 4228 6.
664 4165 795 4246 ταύτας]
816 4173 976 4230 Aristotelis
997 4176 1083 4232 rerba
1104 4179 1169 4228 sunt
1187 4172 1253 4229 Min.

97 4265 183 4318 Ausc.
205 4264 272 4319 163.
391 4260 468 4340 φησί
488 4266 552 4324 RV.
668 4269 697 4324 7.
715 4258 884 4342 Ἠριδανὸν
901 4259 957 4322 τὸν
976 4257 1116 4338 ποταμὸν
1140 4264 1177 4334 R.

101 4349 347 4430 προσκεχωκίναι
368 4356 545 4427 Aristoteles,
571 4351 855 4434 προσκεχωρηκέναι
874 4358 948 4414 libri.
1065 4350 1129 4413 l'orr
1149 4353 1199 4412 καλ
1220 4356 1256 4414 R.

97 4441 227 4520 πλησίον
247 4465 303 4504 om.
326 4443 367 4504 H.
