2888 5084
606 249 675 322 171

57 428 178 518 ταμός.
221 429 261 499 τό
296 425 433 497 ἐθνικδν
461 424 670 512 Βισάλτιος,
708 425 766 520 ἀφ’
800 421 840 498 oi
867 427 1040 501 Βισαλτία
1071 427 1091 520 ἡ
1120 429 1222 523 χιόρα.

58 547 260 641 Λυκόφρων
290 545 374 641 «τόν
393 546 455 631 μὲν
476 546 538 634 γάρ
558 542 632 637 ᾐών
652 544 841 639 Στρυμόνος
863 545 1072 619 Βισαλτία”.

136 665 360 756 ’Βισάνθιμ
395 662 498 747 πόλις
525 664 747 748 Μακεδονίας
782 667 867 736 κατά
903 663 1035 759 Θράκην
1061 665 1222 759 Ἑλληνίς,

60 785 210 868 άποικος
231 784 379 871 Σαμίων.
417 785 456 853 τό
479 782 618 855 ἒδνικδν
641 781 871 876 Βισανθηνός.
907 781 965 877 άφ’
990 777 1029 876 ἧς
1054 787 1223 876 Φαίδιμος
1253 783 1260 808 '

60 905 218 995 ἐλεγείων
240 903 384 994 ποιητὴς
405 905 625 992 Βιοανθηνός
647 900 668 993 ἢ
688 899 932 995 Ἀμαστριανὸς
953 902 975 997 ἢ
995 909 1200 1000 Κρωμνίτης.
1235 934 1248 974 s

146 1023 364 1115 Βίστιρος,
399 1018 501 1103 πόλις
532 1019 677 1113 Θρᾴκης,
711 1019 757 1105 ὡς
785 1023 949 1116 Πίστιρος
977 1027 1017 1095 τό
1047 1024 1222 1119 ἐμπόριον.
1253 1081 1256 1086 -

60 1147 101 1215 τό
124 1143 265 1215 involv
285 1138 493 1232 Πιστιρίτης,
516 1135 563 1222 ὥς
583 1138 765 1233 Στάγειρος
784 1143 1009 1234 Σταγειρίτης.

149 1259 371 1342 Βιστονία,
403 1254 506 1340 πόλις
539 1256 683 1351 Θρᾴκης,
717 1257 789 1330 άπὸ
820 1259 989 1345 Βιστόνος
1020 1271 1081 1336 τοῦ
1104 1261 1224 1359 ’Ἀροος

64 1386 120 1456 καὶ
141 1377 358 1470 Καλλιρρόης
377 1383 437 1469 τῆς
458 1377 602 1448 Νέστου.
646 1376 799 1471 άδελῳδς
824 1382 863 1452 δὲ
884 1375 925 1472 ἦν
942 1378 1146 1470 Ὀδόμαντος
1167 1390 1224 1458 καὶ

61 1501 229 1574 Ἦδωνοῦ.
274 1497 360 1569 ἔνιοι
388 1499 426 1568 δὲ
448 1494 599 1578 Παίονος
625 1503 686 1568 τοῦ
705 1493 825 1589 ’Άρεος
845 1498 982 1582 παιδός.
1024 1504 1063 1573 τό
1086 1506 1262 1577 ἐθνικόνιϋ

65 1619 213 1702 Βιστιόν,
234 1623 301 1688 τῶν
323 1615 371 1699 εἷς
390 1623 458 1684 feo-v
479 1613 692 1702 δισυλλάβων
710 1619 953 1707 βαρυνομένων,
984 1614 1057 1690 ολον
1079 1622 1225 1694 Πλάτων

66 1739 209 1831 Κρίτων,
227 1737 258 1808 εί
271 1738 317 1828 μη
334 1735 497 1825 διαστολὴ
513 1737 644 1825 γένοιτο
661 1737 922 1826 σημαινομένου·
943 1737 1045 1823 χιτών
1059 1741 1122 1833 γάρ
1139 1744 1225 1833 πρὸς

66 1857 251 1946 διαστολὴν
272 1853 426 1939 όξόνεται
446 1859 507 1924 τοῦ
527 1854 642 1943 κυρίου
663 1855 720 1924 καί
740 1861 913 1942 ποταμοῦ,
945 1859 1002 1927 καί
1029 1859 1068 1928 τό
1098 1858 1225 1950 νροτοίν

65 1981 105 2051 τδ
129 1976 280 2069 ζωάφιον
301 1975 388 2062 πρός
409 1969 667 2063 άντιδιαστολὴν
685 1979 747 2044 τοῦ
767 1979 826 2066 τῆς
847 1973 981 2059 πόλεως
998 1974 1177 2064 ὀνόματος·
1201 1975 1224 2070 ἢ

67 2097 276 2189 περιεκτικόν
299 2092 357 2163 διά
379 2093 419 2162 τό
441 2089 563 2162 κοιτιάν
591 2089 705 2162 lovois·
735 2090 757 2184 ἢ
779 2092 917 2164 ἓθνικόν
943 2097 1002 2166 διά
1029 2102 1090 2167 τοῦ
1112 2101 1262 2168 dolo-1⁵

66 2216 221 2303 νόμενον,
251 2210 297 2295 ὡς
316 2212 356 2283 τό
378 2209 558 2293 Βιστόνος.
601 2212 640 2282 τό
662 2212 812 2302 θηλυκόν
833 2215 1004 2299 Βιστονίς.
1049 2215 1224 2290 ἕκτίταται
1320 2237 1329 2260 ·

67 2341 105 2408 δὲ
126 2337 185 2404 καὶ
207 2333 341 2422 λέγεται
354 2329 524 2412 Βιστωνίς
546 2329 605 2400 διά
626 2336 686 2400 τοῦ
707 2333 809 2400 ὦκαὶ
822 2332 1014 2420 Βιστιόνιος
1029 2343 1225 2428 ποιητικῶς.

154 2452 353 2533 Bit-silo,
380 2448 484 2533 πόλις
501 2447 654 2530 Ἰταλίας.
697 2452 737 2520 τό
760 2449 899 2522 ἐθνικόν
919 2457 1127 2541 Βιτιλλῖνος.

152 2573 362 2654 Βλαῦδος,
384 2566 487 2651 πόλις
506 2567 663 2658 Φρυγίας,
686 2565 758 2642 άπὸ
774 2569 937 2642 Βλαίιδον
957 2580 1019 2644 τοῦ
1038 2576 1098 2644 τδν
1117 2574 1226 2647 τόπον

68 2697 206 2784 πρῶτον
227 2685 390 2779 εὑρόντος,
414 2687 460 2770 ὡς
481 2685 707 2780 Μενεκράτης.
750 2690 791 2759 τδ
814 2690 951 2761 ἐθνικόν
973 2692 1182 2784 Βλαυδηνός.
1238 2713 1265 2754 ²⁰

69 3014 97 3066 1.
119 3001 155 3064 τὸ
176 3025 232 3063 om.
252 3007 289 3064 R.
386 2999 528 3081 κτητικδν
547 2993 734 3072 Basilicas?
830 3010 859 3063 2.
879 3000 1076 3086 Λυκόφρων]
1099 3028 1139 3069 vs.
1160 3012 1226 3072 417.

67 3095 106 3160 τό
124 3095 182 3174 μίν
201 3100 276 3158 libri.
358 3098 387 3158 4.
408 3092 444 3156 τὸ
465 3115 521 3156 om.
542 3098 579 3156 V.
661 3094 824 3174 Φαίδαμος
842 3099 897 3177 Pp.
981 3104 1009 3158 5.
1023 3096 1228 3181 Ἅμαστρινός

67 3211 106 3268 R.
225 3214 253 3269 6.
274 3187 429 3285 Βίστῆρος
447 3209 483 3266 R.
592 3200 645 3282 ὡς]
666 3207 803 3266 Fortasse
822 3205 883 3265 καί.
909 3208 947 3267 cl.
969 3211 1008 3268 ad
1027 3206 1189 3288 Πίστιρος.

68 3307 99 3364 7.
114 3296 296 3379 Στάγειρος]
317 3301 394 3361 Vide
414 3320 502 3379 supro
522 3299 560 3359 nd
574 3321 603 3379 p.
617 3305 683 3368 162,
695 3305 723 3360 7.
802 3304 831 3359 8.
841 3298 1000 3360 Βιστωνία
1019 3313 1049 3362 et
1068 3300 1229 3372 Βίστωνος

69 3397 146 3464 libri,
168 3397 291 3452 correxit
304 3395 340 3464 B,
355 3396 411 3453 nisi
425 3392 503 3470 quod
516 3390 668 3461 Βίστονας
682 3394 796 3472 scripsit
809 3413 863 3472 pro
878 3390 1037 3466 Βιστόνος.
1054 3415 1080 3456 v.
1093 3397 1227 3474 Theogn.

68 3491 147 3548 Con.
164 3509 194 3568 p.
206 3493 253 3556 39,
265 3493 293 3548 5.
370 3486 428 3546 τοῦ
440 3479 546 3564 Ἄρεος
565 3487 634 3545 αδδ.
655 3484 699 3544 Π.
777 3495 806 3548 9.
824 3481 1037 3563 Ὀδομάντουλ
1114 3495 1228 3549 13.πο-

68 3581 188 3658 ταμοῦ]
209 3581 315 3640 Αττιιδ.
335 3603 365 3660 p.
387 3585 511 3650 15,19:
536 3577 645 3639 Χίτων
664 3573 680 3638 ό
700 3572 854 3654 ποταμός,
877 3573 973 3656 χιτών
995 3579 1031 3641 τὸ
1058 3575 1189 3658 ἱμάτιον.

70 3681 118 3736 15.
132 3673 186 3734 διὰ
201 3671 236 3736 τό
251 3675 272 3734 ὅ
289 3675 327 3732 V.
404 3677 451 3734 16.
463 3669 630 3747 Βιστωνίς]
651 3673 747 3752 Apoll.
761 3673 856 3733 Rhod.
868 3679 896 3743 1,
912 3675 963 3733 34:
983 3672 1096 3755 Πτερίη
1111 3674 1229 3735 Βιστω-

70 3765 130 3826 νίδι
157 3770 365 3844 κοιρανέοντα.
396 3767 449 3825 sed
473 3766 547 3825 haec
570 3767 638 3824 olim
664 3767 748 3826 aliter
771 3766 846 3825 lecta
870 3767 961 3826 fuisse
986 3768 1113 3827 ostendit
1138 3769 1228 3827 schol.

69 3861 139 3921 Por.
166 3863 347 3938 quantumvis
369 3869 545 3938 comptum:
566 3851 719 3939 γράφεται
739 3855 789 3916 καί
809 3857 1004 3930 Βιστωνίτας
1022 3856 1230 3939 κοιρανέοντα.

71 3975 129 4014 noo
158 3956 250 4013 susim
275 3955 362 4030 igitur
384 3953 459 4010 hoen
484 3952 622 4010 tutandae
648 3952 790 4031 Stephani
817 3952 966 4013 doctrinae
993 3955 1136 4013 advocare
1165 3974 1229 4012 cum

69 4048 206 4108 Bentleio
227 4047 265 4105 nd
286 4047 387 4104 Horat.
409 4045 506 4103 Conn.
528 4050 558 4113 1,
578 4048 626 4104 25.
654 4047 704 4122 qui
729 4065 814 4121 quem
840 4056 991 4123 praetenso
1012 4047 1098 4106 affert
1119 4066 1229 4105 versum

71 4161 108 4202 ex
130 4139 191 4198 Cir.
213 4143 280 4199 164.
306 4157 414 4197 saeva
439 4138 537 4196 velut
557 4138 692 4215 gelidis
714 4139 885 4196 Ciconum
905 4137 1069 4197 Bistonis
1089 4141 1123 4196 in
1144 4141 1230 4208 oris,

70 4235 99 4292 ei
120 4253 206 4310 qoam
227 4232 299 4290 nihil
318 4231 500 4289 tribuendum
521 4231 557 4288 sit
571 4231 657 4288 docet
671 4231 824 4289 lectionum
838 4233 911 4288 miro
923 4233 1055 4290 varietas.
1076 4241 1106 4289 ot
1119 4251 1231 4292 omnem

70 4327 281 4386 dubitationem
302 4325 399 4382 eximit
416 4326 539 4382 Nonnns
554 4323 680 4398 Dion.8‚
694 4327 744 4383 65:
765 4320 891 4382 ποθέων
911 4320 1089 4384 Βιστωνίδα
1108 4317 1232 4401 κούρην.

70 4425 117 4480 19.
140 4419 198 4477 τοῦ
216 4411 272 4478 τδν
293 4416 314 4490 ζι
333 4408 428 4475 τόπον
448 4417 485 4474 V.
570 4423 617 4477 20.
637 4418 760 4495 πρῶτον
780 4417 848 4476 αδδ.
870 4414 913 4474 Π.
993 4410 1178 4493 Βλαβδηνός
1196 4418 1232 4474 R.
