2888 5084
629 250 702 328 169

84 428 311 520 αἰποπέμπεῖν
331 437 379 523 τῷ
400 457 436 501 τε
459 429 563 522 μιλίῳ
584 435 646 502 Διὶ
667 433 725 502 καὶ
745 431 927 524 Βιεννίῳ”.
971 432 1043 506 ibn
1069 437 1127 504 καὶ
1148 433 1244 528 ἑτέρα

83 549 191 634 πόλις
218 553 254 623 έν
276 551 417 644 Γαλλίᾳ.
463 547 590 636 αὐχμοῦ
617 548 680 642 γάρ
708 577 793 621 ποτε
817 551 878 644 τὴν
903 550 1084 640 σύμπασαν
1111 552 1244 647 Κρήτην

83 667 309 755 κατασχόντος
331 669 379 752 εἷς
401 667 532 761 ἑτέρους
551 667 679 752 τόπους
700 668 919 762 αἰπρικίζοντο,
942 671 1076 763 οἰκῆσαι
1094 674 1132 744 δέ
1149 699 1244 755 τινας

79 787 268 880 Ὕδροῦντα
284 795 344 879 τῆς
356 786 499 873 Ἰταλίας
515 784 611 858 οῦιτιυ
626 791 887 876 πεπολισμένον.
918 798 1066 882 χρησμοῦ
1080 791 1113 862 δ’
1132 790 1244 874 αἰετοῖς

85 910 253 990 δοθέντος
287 907 376 979 ὅπου
411 907 638 980 ἑλωδέστατον
670 905 778 978 τόπον
813 908 1000 981 θεύσονται
1033 917 1268 1002 κατοικῆσαι,ε

87 1025 249 1108 ἐλθόντες
276 1021 334 1097 οῦν
360 1025 420 1097 ἐπὶ
445 1028 504 1096 τόν
525 1024 683 1097 Ῥόδανον
708 1031 864 1114 ποταμόν
883 1033 944 1120 τῆς
963 1029 1114 1112 Γαλλίας
1135 1029 1243 1122 ἑλώδη

87 1142 169 1217 ῦντα
197 1145 347 1236 οἰκῆσαι,
380 1147 437 1215 καὶ
468 1147 528 1237 τὴν
555 1144 659 1216 πόλιν
686 1145 791 1230 οῦτας
819 1145 1002 1234 ὀνομάσαι,
1034 1149 1154 1240 ἐπειδη
1181 1149 1244 1237 μία

86 1271 154 1336 τιῦν
175 1267 236 1336 σύν
258 1263 371 1348 αὐτοῖς
392 1253 573 1357 πἀρθέύιυν
594 1266 725 1340 Βίαννα
751 1270 939 1359 καλουμένη
962 1267 1147 1372 χορεύουσα
1173 1264 1243 1338 ῦπό

86 1415 179 1470 τινος
203 1385 374 1475 χάσματος
401 1383 549 1477 ἐλήφθη.
589 1377 628 1476 ἧς
648 1387 847 1476 μνημονεύει
868 1387 1002 1471 πόλεως
1021 1386 1187 1476 Εὐσέβιος
1208 1388 1243 1458 έν

86 1512 130 1600 τῇ
156 1509 412 1599 έκκλησιαστικῇ
441 1503 581 1596 ἱστορίᾳ.
624 1505 664 1574 τό
691 1504 830 1575 ἐθνικδν
856 1505 982 1593 ὁμοίως
1009 1510 1182 1590 Βιέννιος,
1212 1505 1244 1576 εἰ
1257 1542 1282 1582 ru

85 1628 133 1718 μὴ
155 1627 242 1696 κατὰ
262 1627 321 1696 τδν
347 1622 505 1716 ίγχώριον
529 1621 636 1693 τύπον
657 1620 859 1715 Βιεννήσιος
886 1623 933 1707 ώς
954 1625 1244 1716 Λουγδουνήσιος.

84 1749 146 1835 τῆς
167 1747 207 1817 δὲ
229 1747 373 1834 Βιέννης
394 1751 583 1825 Βιενναῖος.

176 1870 211 1936 Β
218 1862 326 1956 ιζύη,
359 1862 462 1947 πόλις
491 1860 635 1956 Θρᾴκης,
663 1862 703 1930 τό
729 1866 797 1930 τών
821 1861 949 1933 Ἀστιῦν
975 1863 1161 1950 βασίλειον.
1204 1863 1245 1933 τό

86 1985 227 2055 δθνικόν
247 1981 425 2073 Βιζυηνός.
1099 1973 1100 1976 “

176 2110 211 2177 Β
217 2101 350 2193 ιζώνη,
373 2102 475 2186 πόλις
490 2100 650 2193 Ποντική.
684 2102 724 2172 τό
741 2101 879 2172 έθνικδν
892 2099 1038 2194 ἠδύνατο
1054 2104 1244 2187 Βιζωναῖος
1257 2137 1282 2176 ιε

88 2221 113 2315 ἢ
133 2221 333 2312 Βιζωνίτης.
371 2219 444 2295 ἔστι
464 2224 503 2293 δι’
524 2218 694 2306 Βιζώνιος
714 2217 761 2303 ιύς
782 2219 988 2312 Παλλήνιος.

177 2340 356 2425 Βιθύαι,
390 2341 493 2425 ἔθνος
523 2338 667 2432 Θρηίκης,
698 2337 769 2411 ύπδ
796 2341 934 2424 Βίθυος
959 2346 1020 2412 τοῦ
1041 2336 1162 2432 ’Ἄρεος
1188 2342 1246 2410 καὶ

75 2459 196 2554 ,Σήτης
216 2466 276 2552 τῆς
291 2459 410 2554 Ῥήσου
432 2459 592 2552 ἀδελφῆς.

184 2578 378 2663 Βιθυνία,
411 2582 499 2671 πρδς
531 2586 579 2670 τῷ
608 2576 731 2670 Πόντῳ
759 2577 867 2672 χώρα,
900 2576 972 2684 ύιρδ
998 2583 1156 2652 Βιθυνοῦ
1186 2583 1247 2648 τοῦ

89 2702 181 2784 Διὸς
206 2699 262 2769 καί
286 2697 417 2792 Θρᾴκης
438 2703 497 2789 τῆς
522 2696 715 2783 Τιτανίδας,
742 2689 766 2788 ἢ
787 2697 823 2767 λιι
842 2698 904 2783 μέν
926 2697 1013 2780 Διός
1035 2695 1109 2782 ἔσχε
1132 2701 1285 2768 Βιθυ-ιυ

88 2819 164 2903 νόν,
193 2817 229 2890 ότι
258 2821 295 2890 δέ
317 2815 450 2909 Κρόνου
471 2816 655 2910 Δόλογκοι.
699 2817 756 2885 καί
781 2819 821 2888 τό
848 2817 987 2888 έθνικὸν
1007 2814 1164 2899 Βιθυνός
1190 2818 1248 2886 καί

91 2995 248 3008 -a-u-
256 2997 291 3005 —

90 3103 119 3155 1.
140 3096 185 3176 τρῦ
204 3114 236 3154 τε
255 3092 347 3178 μιλίιο
366 3097 431 3166 RV,
450 3097 495 3176 τιῦ
515 3094 690 3176 τεμιλί.ῳλ
713 3095 782 3154 sort.
802 3097 847 3176 τῷ
866 3115 898 3154 τε
919 3093 1084 3177 Μιλησίῳ,
1110 3097 1247 3156 alliileto

92 3189 201 3246 Cretae
215 3190 295 3246 urbe.
373 3155 532 3272 2.Γαλλίηι
552 3190 588 3258 Χ,
608 3185 761 3273 Γαλιλαία
780 3189 854 3248 libri.
876 3187 1043 3248 addendum
1063 3189 1176 3246 videtur
1193 3188 1250 3298 της

88 3274 285 3360 προτέρας
263 3299 400 3350 αποικος.
488 3287 516 3341 3.
536 3275 746 3358 κατασχόντος
766 3301 822 3342 om.
843 3283 880 3341 R.
974 3285 1002 3338 6.
1023 3266 1228 3348 ἐλθόντας
1194 3299 1249 3337 ουν
1318 3313 1321 3318 -

90 3371 140 3434 ἐπὶ
154 3367 229 3432 uiri
248 3393 284 3432 an
303 3385 372 3454 port
389 3374 570 3452 κατοικῆσαι
592 3375 702 3453 aliquid
722 3373 850 3434 exciditi
923 3367 1070 3433 Ῥόδανον
1084 3375 1122 3444 X,
1137 3364 1249 3431 Ῥόδαν

90 3485 167 3542 libri.
266 3480 434 3552 Γαλιλαίας
454 3494 521 3544 ante
539 3485 577 3542 X.
674 3489 702 3546 9.
723 3479 895 3555 niirch,
915 3445 955 3543 πό
975 3487 1010 3556 R,
1030 3476 1229 3552 πολλάκιςΑ.

91 3585 140 3638 10.
161 3571 251 3656 ιστορ
253 3574 298 3660 lgr]
325 3580 358 3645 5,
384 3583 412 3637 1.
441 3577 561 3637 Eurebii
585 3578 682 3636 citatio
708 3577 807 3636 dubito
832 3597 900 3637 num
925 3597 943 3636 ιι
968 3579 1118 3658 Stephano
1143 3578 1190 3636 rit.

92 3677 140 3732 11.
161 3662 410 3746 Λουγδιυνόσιος
428 3671 464 3729 R.
486 3669 525 3728 cl.
546 3669 584 3729 ad
604 3665 769 3747 Βίρουνος.
849 3677 895 3731 13.
910 3665 1005 3744 Βιζύν
1023 3673 1061 3730 R.
1140 3667 1250 3732 14.Βι-

92 3754 201 3836 ζυννός
220 3763 257 3821 V.
283 3771 401 3841 praeter
425 3755 574 3839 Βιζυηνός
599 3764 686 3822 etiam
705 3757 835 3840 Βιζηνός
856 3765 1019 3834 dicebatur,
1048 3763 1126 3841 quod
1151 3773 1196 3824 est
1221 3765 1251 3821 in

90 3875 180 3916 numo
206 3855 285 3933 apud
303 3855 425 3915 Eelrhel.
445 3855 512 3914 DN.
532 3861 552 3914 2
570 3876 601 3935 p.
621 3858 669 3915 25.
787 3861 834 3916 17.
855 3851 948 3927 ἴθνος
971 3853 1004 3916 ἓν
1030 3851 1141 3939 Θρᾴκη
1167 3857 1231 3917 RV.

90 3941 194 4026 ἢιλτιδ
215 3950 251 4007 R
339 3943 450 4017 Βίθως
469 3945 513 4007 H.
611 3954 658 4008 18.
678 3943 773 4026 Σίτης
792 3951 827 4009 R.
848 3953 1020 4030 suspicabar
1040 3947 1150 4027 Σίθης,
1172 3951 1251 4028 quod

92 4063 157 4100 eum
178 4041 328 4100 Sithoniae
349 4042 466 4101 nomine
485 4043 666 4100 coniunctum
687 4051 741 4100 est.
767 4041 806 4101 cl.
826 4043 960 4122 Theogn.
982 4046 1056 4103 Can.
1075 4049 1250 4123 ρ.109,18;

92 4131 177 4212 Σίθη
197 4126 297 4208 ὄνομα
317 4127 423 4208 κύριον
440 4127 624 4215 βαρύτονον.
650 4153 725 4191 nunc
745 4135 842 4194 malim
862 4131 983 4211 Σίντης.
1074 4141 1121 4196 20.
1133 4139 1180 4194 21.
1200 4133 1252 4194 Βι-

90 4220 192 4286 θυνόν
216 4227 258 4294 Η,
285 4221 390 4284 Βίθυν
415 4227 495 4297 libri,
525 4227 603 4305 quod
627 4237 730 4286 terreni
755 4229 971 4288 Drakenborch.
998 4229 1036 4288 ad
1059 4230 1123 4288 Lir.
1143 4229 1195 4299 45,
1215 4232 1254 4289 42

91 4319 289 4400 praecedente
311 4337 393 4377 rerru
413 4316 537 4388 Βίθυος
556 4321 655 4380 scribit
674 4342 728 4400 pro
749 4319 906 4390 Βιθυνοῦ,
934 4333 964 4381 et
983 4322 1022 4380 nd
1042 4320 1165 4380 eandem
1184 4341 1250 4380 nor·

91 4431 169 4472 uram
190 4413 307 4489 corrigit
327 4423 454 4472 nostrum
476 4433 499 4473 ι.
521 4433 550 4473 r.
570 4404 733 4493 Δόλογκοι.
823 4420 871 4474 21.
892 4411 944 4471 καί
964 4423 1031 4473 ante
1051 4408 1086 4472 τό
1107 4414 1175 4474 add.
1197 4415 1234 4472 V.
