2888 5070
588 308 663 383 317

48 516 122 562 ουτι
145 485 325 580 φορήσει”.
369 488 409 556 τὸ
437 486 576 557 δθνικόν
603 514 689 579 φασι
711 492 769 558 καί
791 492 945 579 Θρέικες,
975 493 1032 563 καί
1052 498 1208 584 θηλυκῶς

48 611 212 701 Θρέισσα.
255 607 313 674 καί
334 603 493 697 θρᾳκιστί
513 606 553 676 τδ
574 605 756 698 ἐπίρρημα,
781 605 827 689 ὥς
850 606 920 679 δπδ
942 617 1003 680 τοῦ
1022 612 1184 704 θρηκίζω.

133 731 301 818 Θρᾳκῶν
322 722 447 814 καίμη,
475 724 619 815 πλησίον
642 723 856 812 Ἀντιοχείας.
900 728 940 796 τὸ
963 727 1100 801 ἒθνικδν
1122 733 1207 801 κατὰ

46 850 160 938 τέχνην
185 843 464 936 Θρᾳκοκωμήτης.
539 867 542 874 ’

11 979 15 982 ’
134 963 345 1055 Θροίμβος,
369 960 575 1054 ἀκρωτήριον
598 963 826 1045 Μακεδονίας.
863 964 903 1032 τδ
925 968 1066 1036 τοπικδν
1088 973 1231 1055 (δραμε-ε

45 1083 198 1173 βούσιος.
244 1079 262 1152 ὃ
291 1083 353 1174 γὰρ
382 1083 440 1150 διοὶ
468 1087 529 1151 τοῦ
556 1087 631 1164 ὁΓος
651 1080 758 1165 τύπος
785 1080 845 1151 δύο
874 1087 1074 1172 συλλαβαῖς,
1105 1086 1135 1155 εί
1160 1084 1207 1178 μή

47 1232 102 1286 τις
122 1209 259 1293 βραχεῖα
281 1202 464 1292 παραγωγή
495 1203 640 1287 γένοιτο,
669 1205 730 1270 τοῦ
760 1200 983 1292 πρωτοτύπου
1009 1204 1207 1294 περιττεύει.
1236 1225 1239 1230 ’

47 1322 271 1413 σεσημείωται
291 1321 331 1390 τὸ
353 1317 551 1408 Περκώσιος
571 1318 628 1387 καί
650 1317 852 1409 Κριθώσιος
873 1317 944 1392 ἇπδ
966 1329 1027 1393 τοῦ
1048 1325 1208 1416 Περκώτῃ

47 1441 106 1510 καί
132 1439 308 1531 Κριθώτη.

135 1564 255 1648 Θρῖα,
287 1562 392 1648 δῆμος
419 1561 478 1647 τῆς
504 1553 659 1646 Οίνηίδος
687 1560 805 1648 φυλῆς.
850 1561 983 1649 λέγεται
1004 1566 1061 1631 καὶ
1082 1563 1246 1655 Θριιί.ιο

49 1673 69 1746 ὁ
93 1677 237 1769 δημότης
252 1674 426 1768 Θριάσιος,
450 1677 506 1745 καὶ
521 1673 689 1764 Θριάσιον
710 1675 839 1758 πεδίον,
862 1675 933 1748 ἐστι
955 1683 993 1749 δὲ
1012 1677 1059 1761 ὡς
1077 1681 1209 1774 Τίθρας

56 1795 256 1887 Τιθριίοιος.
299 1796 342 1864 τὰ
364 1799 506 1864 πλείστα
527 1796 566 1864 δὲ
588 1798 646 1862 διὰ
668 1801 727 1863 τοῦ
750 1802 791 1876 ὦ,
816 1800 976 1887 Θριιΐιθεν
999 1802 1131 1887 Θριῶζε
1153 1802 1210 1870 καί

53 1920 209 2007 Θριᾶσιν.
227 1914 298 1986 ἀπὸ
312 1917 350 1985 δὲ
361 1919 422 1984 τοῦ
435 1913 560 2004 Θριαί
574 1919 727 2004 Θριαίος.
751 1915 883 2002 λέγεται
895 1918 933 1986 δὲ
944 1916 1208 2005 καίΘριασικός.

50 2035 153 2125 θριαί
174 2037 212 2106 δὲ
235 2033 269 2105 ui
291 2035 449 2120 μαντικοὶ
466 2037 592 2126 ψῆφοι,
616 2028 657 2115 lig
677 2025 772 2124 εὗρεν
788 2029 934 2124 Ἀθηνᾶ·
959 2031 1149 2121 ἀχθόμενος
1170 2040 1209 2109 δὲ

50 2345 79 2398 1.
102 2332 248 2418 φρονήσει
275 2341 310 2398 R.
342 2357 442 2398 versus
473 2358 509 2397 ex
541 2339 657 2398 oraculo
685 2339 854 2418 desumptus
886 2341 1013 2412 videam
1043 2341 1080 2400 de
1109 2343 1208 2402 Rlieso

51 2434 158 2491 dictum
180 2434 277 2490 statuit
297 2432 534 2491 Schneidewinus
553 2433 652 2508 Symb.
673 2432 711 2490 ad
731 2433 783 2507 lyr.
804 2453 835 2510 p.
856 2437 922 2490 111.
1022 2427 1148 2509 Θρίικες
1167 2437 1207 2506 Μ,

52 2521 164 2603 Θρίίος
182 2527 218 2594 R,
247 2517 378 2602 Θρεϊκός
399 2527 431 2592 Α,
460 2519 590 2602 Θρεῖκόν
609 2526 647 2593 V,
676 2517 808 2602 Θρήϊκες
827 2525 863 2582 Β.
981 2522 1120 2602 θηλυκὸν
1138 2529 1174 2586 R.

50 2626 80 2678 2.
103 2612 248 2694 Θρήϊσσα
269 2619 293 2675 Β
316 2637 369 2695 pro
392 2612 532 2694 Θρίιοοα
554 2612 727 2696 (Θρίισσαν
747 2617 797 2692 V),
819 2619 898 2675 cuius
918 2618 1028 2676 formae
1046 2620 1208 2698 exemplum

50 2713 188 2770 habemus
209 2710 288 2788 apud
303 2711 490 2768 Theocritum
504 2711 603 2788 Epigr.
617 2715 654 2769 18
674 2709 734 2766 sive
750 2711 907 2767 Leonidam
921 2711 1082 2768 Antl1.Pal.
1095 2717 1123 2783 ll,
1136 2717 1207 2772 663:

50 2801 67 2865 ὃ
87 2797 196 2880 μικκὸς
216 2795 280 2859 τόδ’
302 2796 399 2870 ίτευξε
420 2803 460 2886 τᾷ
482 2799 637 2886 Θρείσορι,
728 2799 890 2878 θρακηοτί
906 2803 981 2860 libri.
1080 2807 1107 2860 3.
1128 2796 1210 2882 Θρά·

51 2919 128 2967 κων,
156 2889 243 2969 κώμη
263 2891 392 2969 πλησίον
412 2896 506 2972 vulgo.
605 2899 633 2954 5.
645 2899 672 2952 6.
696 2886 932 2970 Θραμβοιίσιος]
952 2895 1098 2973 Lycoplrr.
1120 2899 1209 2956 1405:

53 2983 266 3067 Θραμβουσία
292 2979 404 3064 δειράς.
526 2992 554 3046 6.
576 2987 746 3062 συλλαβαῖς
770 2989 815 3057 Μ,
846 2983 1007 3063 συλλαβάς
1033 2991 1072 3058 R,
1101 2989 1210 3048 συλλα-

50 3085 118 3161 βῶν
137 3082 199 3139 AV.
316 3085 345 3140 8.
365 3075 516 3160 Περκώτη
536 3080 596 3158 Pp,
621 3073 777 3158 Περκώπη
798 3082 886 3139 ARV.
1003 3091 1032 3141 u.
1054 3075 1210 3159 Κριθώπη

50 3180 90 3237 Χ.
219 3182 265 3234 10.
295 3169 383 3252 Θριιῦ
413 3174 449 3231 B.
597 3178 706 3232 11.12.
732 3168 774 3241 ὡς
802 3170 925 3252 Τίθρας
953 3167 1140 3250 Τιθριίσιος]
1166 3177 1211 3232 Ex

51 3273 97 3328 his
123 3269 248 3326 conicias
273 3267 350 3324 lruuc
376 3267 488 3326 demum
516 3268 601 3325 etiam
623 3261 723 3343 Θρίας
748 3267 925 3345 appellatum
946 3285 1067 3341 eamque
1088 3267 1210 3325 sormam

53 3366 90 3422 als
118 3363 182 3440 ipso
207 3361 358 3439 Stephano
384 3372 569 3418 memoratam
598 3360 700 3416 lusisse.
830 3355 947 3434 Θριιῦζε
973 3355 1133 3435 [Θριῶοι.]
1159 3357 1211 3416 καί

54 3449 209 3533 Θριᾶοινλ
222 3453 259 3511 de
273 3447 392 3526 Θριιῦσι
408 3472 434 3509 ν.
446 3452 663 3528 'l'heognostum
676 3473 704 3530 p.
714 3456 779 3520 157,
791 3457 838 3510 26.
853 3453 900 3509 ubi
913 3446 1050 3528 Θρίωσιν
1063 3454 1210 3530 scriptum.

55 3542 168 3626 Θρΐσιν
187 3565 240 3624 pro
262 3541 397 3621 Θριᾶσιν
416 3541 459 3612 Π,
482 3544 560 3619 quod
579 3564 645 3602 esse
665 3555 761 3624 potest
784 3539 925 3621 Θριῆσιν.
1005 3545 1051 3602 14.
1065 3542 1211 3619 μαντικοὶ

52 3637 103 3697 καί
123 3639 227 3717 ψῆφοι
248 3641 283 3696 R.
402 3630 453 3712 ἃς]
475 3629 513 3715 ῆν
532 3637 596 3705 RV,
621 3638 699 3714 quorl
726 3647 839 3717 spectat
863 3638 987 3695 sortasse
1013 3636 1051 3695 ad
1075 3632 1133 3714 τὴν
1158 3633 1209 3695 διδ

51 3725 172 3811 ψήφων
190 3723 355 3807 μαντικήν,
381 3731 461 3788 cuius
487 3731 653 3788 memoriam
673 3731 815 3788 excidisse
835 3731 948 3807 opinor.
1066 3714 1153 3804 εὗρεν
1171 3731 1211 3800 Μ,

51 3820 161 3903 ίφερεν
185 3824 260 3880 libri.
288 3823 327 3881 cl.
347 3825 492 3881 Zenoliius
512 3822 597 3880 Prov.
619 3827 651 3890 5,
671 3827 724 3882 75:
750 3813 837 3880 ἄλλοι
858 3817 977 3898 λέγουσι
998 3817 1055 3897 τήν
1074 3815 1213 3899 Ἀθηνᾶν

51 3909 151 3990 εδρείν
171 3910 227 3990 τὴν
247 3911 299 3972 διὰ
319 3915 381 3972 τιῦν
401 3909 519 3993 ψήφων
533 3906 693 3989 μαντικήν.
771 3907 945 3990 ἀχθόμενος
959 3914 998 3982 lll,
1018 3908 1214 3993 ιίχθόμενοῆς

52 4011 89 4076 R,
116 4000 309 4080 ἀχθομένους
330 4007 391 4065 AV.
417 4026 483 4063 mox
504 4008 635 4065 lacunam
656 4008 794 4076 indicavi,
816 4027 900 4084 quam
921 4007 1059 4086 suppleas
1079 4006 1145 4065 lieet
1165 4011 1212 4066 in·

52 4099 179 4158 serendo
201 4095 365 4174 χρησμοίις
385 4098 678 4178 καταφρονηθῆναι,
706 4119 780 4176 quae
806 4101 953 4177 aliquanto
972 4101 1149 4178 probabilior
1169 4112 1214 4158 est

52 4193 228 4253 emendandi
255 4193 327 4248 ratio
355 4210 405 4259 ea,
432 4209 516 4268 quam
542 4191 570 4248 X
595 4193 715 4248 instituit
741 4192 869 4250 edendo:
896 4185 1073 4268 ἀχθομένου
1100 4188 1133 4248 δὲ
1157 4193 1213 4249 τοῦ

45 4277 250 4352 Ἀπόλλωνος.
272 4285 311 4342 cs.
333 4285 479 4342 Zenobius
499 4284 519 4340 l.
540 4283 559 4340 l.
584 4267 621 4359 ἧς
643 4283 713 4358 (τῆς
732 4279 784 4339 διὰ
804 4277 924 4362 ψήφων
942 4281 1105 4359 μαντικῆς)
1126 4279 1212 4342 ετίδσ·

51 4369 205 4452 κιμοδσης
223 4373 342 4449 μᾶλλον
361 4375 423 4432 τιῦν
442 4373 608 4454 Δελφικῶν
623 4375 774 4454 χρησμῶν
793 4371 848 4434 τὸν
866 4373 932 4433 Δία
947 4368 1150 4450 χαριζόμενον
1168 4377 1213 4458 τῷ

44 4462 216 4528 Ἀπόλλωνι
235 4464 342 4542 ψευδῆ
361 4467 556 4543 καταστῆσαι
576 4463 634 4544 τὴν
654 4464 705 4526 διὰ
725 4460 846 4544 ψήφων
862 4461 1022 4541 μαντικήν.
