2880 5092
719 277 721 282 ‘
761 292 845 364 aaa
955 319 960 326 ·

221 475 321 567 ἑορτῇ
342 471 445 566 ταύτῃ
469 475 527 543 ἐπὶ
547 472 656 563 Σκίρῳ
678 464 845 562 κίκληται.
884 473 1017 561 λέγεται
1039 473 1095 540 καὶ
1118 467 1137 540 ό
1157 477 1303 561 Σκῖρος
1325 472 1387 540 καί

220 597 260 664 τό
281 593 456 684 Σκίριον.
490 591 670 681 βαρύνεται
694 594 747 662 δέ·
770 594 813 661 τό
833 593 895 683 γὰρ
918 591 966 674 εἷς
986 599 1045 678 isaii
1066 589 1209 682 λήγοντα
1226 591 1387 679 καθαρόν

220 711 409 798 δισύλλαβα
431 709 548 797 ἔχοντα
566 714 634 802 πρό
652 715 768 794 τέλους
784 709 886 803 φύσει
899 713 1029 801 μακρόν
1043 707 1255 800 βαρύνεσθαι
1269 711 1385 791 θέλει,

221 831 252 902 el
277 833 323 922 μη
351 832 436 900 κατὰ
464 833 678 918 πλεονασμόν
704 829 882 922 ἀποβολήν
908 829 1090 922 ποιήσεται
1112 830 1240 918 γένους,
1271 832 1384 916 δῶρον

195 960 359 1042 ισπεῖρον
380 957 501 1042 σκίρον.
544 951 627 1042 [εἶσί
648 955 705 1023 καί
724 961 753 1020 Σ
757 950 868 1042 κίροι
890 950 1079 1020 Γαλατικὸν
1100 947 1230 1038 ἔθνος]
1253 949 1293 1019 τό
1317 949 1383 1018 ἐδ-

127 1125 130 1130 -
220 1071 312 1142 νικδν
332 1067 484 1159 Σκιριεύς
505 1073 562 1139 καί
582 1069 731 1162 Σκιρεύς.
1376 1049 1381 1057 ⁸

289 1187 569 1276 Σκιρτώνιον,
599 1187 702 1271 πόλις
725 1189 919 1281 Ἀρκαδίας,
951 1183 998 1269 ὡς
1024 1187 1222 1269 Παυσανίας
1253 1184 1381 1276 ὀγδόῳ.

217 1311 258 1378 τό
280 1309 417 1379 όδνικόν
437 1305 650 1397 Σκιρτώνιος.
770 1301 780 1308 “

303 1426 497 1518 Σκίρφαι,
536 1423 640 1509 πόλις
677 1427 823 1518 Φωκική.
875 1430 914 1497 τό
950 1429 1088 1498 lovium
1121 1421 1291 1518 Σκίρφιος-
1324 1429 1381 1496 καί

182 1589 208 1628 ιο
220 1554 412 1638 Σκιρφαῖος,
436 1543 482 1628 ώς
502 1546 684 1631 Διευχίδας
706 1547 799 1638 φησί.

305 1663 473 1755 Σκιώνη,
496 1663 598 1748 πόλις
624 1664 768 1758 Θρᾴκης,
791 1666 879 1737 ἔνθα
901 1668 1032 1755 λέγεται
1053 1667 1114 1746 τὰς
1138 1662 1303 1754 Τρῳάδας
1325 1662 1379 1733 αλ-

124 1817 125 1824 *
216 1784 428 1873 χμαλώτους,
459 1788 517 1857 διό
544 1788 583 1856 τό
610 1787 655 1877 μῆ
678 1783 746 1856 ύπδ
769 1793 835 1856 τῶν
852 1783 1020 1876 Ἑλλήνων
1042 1784 1089 1865 εἰς
1111 1782 1268 1853 δουλείαν
1290 1779 1377 1852 oinc-

218 1912 381 1997 νεχθῆναι
409 1912 475 1974 τῶν
506 1903 616 1974 αὐτῶν
644 1912 823 1993 γυναικών,
852 1905 1024 1996 ἐμπρῆσαι
1050 1905 1111 1986 τός
1140 1909 1230 1998 ναῦς.
1275 1899 1308 1970 ol
1340 1903 1379 1971 δὲ

218 2235 245 2292 1.
256 2229 304 2290 lul
319 2227 422 2310 Σκίρῳ
436 2233 481 2300 Pr,
500 2227 643 2308 ε’πισκίρα
658 2234 718 2302 AV,
736 2227 891 2310 ’ύιιεσιιίρα
906 2235 942 2292 R.
1021 2229 1127 2310 οκίρος
1139 2233 1184 2301 Ρῑ,
1205 2224 1322 2308 σκύρος
1342 2232 1377 2289 R.

216 2331 245 2384 2.
257 2324 394 2404 Σκίριον]
416 2321 529 2401 Σκίρου
544 2325 714 2384 Salmasius.
734 2325 812 2385 recte
832 2327 889 2403 legi
910 2321 1035 2402 Σκίριον
1054 2325 1181 2382 ostendit
1201 2326 1280 2399 quod
1301 2324 1377 2381 iufra

218 2417 303 2477 affert
322 2418 428 2495 gentile
443 2410 591 2495 Σκιριεύς.
612 2429 670 2477 trec
691 2421 777 2495 igitur
797 2419 904 2476 formae
925 2429 1136 2486 commemorat,
1156 2413 1192 2476 τὸ
1207 2413 1323 2493 Σκίρου
1342 2412 1377 2474 τὸ

217 2509 343 2591 Σκίριον
356 2523 385 2570 et
399 2505 415 2572 ό
429 2507 550 2588 Σκίρας.
564 2511 715 2588 sequentia
727 2523 821 2570 tamen
833 2512 938 2568 docent
952 2513 1037 2569 etiam
1052 2511 1257 2589 appellativum
1269 2514 1378 2584 σκῖρον

217 2608 254 2664 ab
280 2607 447 2664 Herodiano
473 2605 571 2682 (liuius
596 2607 671 2664 enim
697 2623 836 2662 canonem
862 2603 961 2680 affert)
991 2612 1242 2662 commemoratum
1274 2604 1376 2662 luisse.

217 2700 314 2775 itaque
339 2710 407 2778 post
432 2694 467 2756 τό
488 2681 614 2773 Σκίριον
639 2699 784 2757 excidisse
804 2698 937 2755 ridentur
957 2700 1042 2755 verlia
1061 2691 1127 2756 l'ou
1147 2694 1198 2754 καί
1219 2701 1336 2770 σκῖρον.

216 2794 245 2850 4.
267 2787 347 2849 κατὰ
373 2787 568 2866 πλεονασμόν
588 2785 761 2867 ἀποβολὴν]
782 2789 954 2850 ΙλαΙιίιειιιιει
980 2793 1092 2868 corrigo
1117 2787 1197 2848 κατὰ
1221 2789 1376 2863 μιναιτλα·

216 2877 298 2957 σμόν
322 2879 509 2962 μεταβολὴν.
530 2884 647 2942 caderet
673 2884 727 2940 hoc
747 2903 773 2942 e.
795 2903 821 2942 o.
841 2885 870 2941 in
892 2876 1036 2960 πλευρόν,
1063 2885 1140 2960 qnod
1166 2887 1264 2942 eximit
1289 2886 1377 2943 etiam

218 2975 357 3033 Arcadius
383 2996 413 3055 p.
435 2981 506 3044 122,
531 2978 583 3034 24ι
607 2972 655 3034 τό
679 2973 721 3045 είς
746 2977 800 3056 ροῖ
826 2969 1001 3053 δισύλλαβα
1028 2971 1119 3058 φύσει
1143 2977 1251 3058 μακρᾷ
1277 2997 1376 3054 παρα·

215 3060 367 3145 ληγόμινα
391 3061 585 3147 βαρύνεται,
602 3066 717 3146 διδρον,
745 3075 872 3145 σπεῖρον
895 3065 930 3128 τὸ
956 3065 1093 3145 ίμιίτιον,
1123 3071 1243 3149 νεῦρον,
1271 3071 1377 3148 ηῆρον

213 3160 328 3239 βρῶμα
348 3159 445 3231 διιόν,
466 3161 567 3240 μῆρον
587 3158 638 3220 καί
660 3162 693 3234 (ἰ.
715 3183 741 3222 c.
762 3155 843 3239 ἢτοι)
863 3159 986 3242 μηρίον.
1007 3161 1212 3240 σεσημείωται
1230 3159 1266 3222 τό
1288 3165 1375 3222 πλευ-

216 3247 279 3334 ρόν.
397 3261 425 3314 5.
446 3251 503 3311 είσί
523 3285 561 3296 -
581 3248 674 3323 ίδνος
698 3257 803 3315 seclusi
831 3265 861 3312 nt
886 3265 935 3313 aut
955 3258 1050 3316 alieno
1071 3258 1135 3316 loco
1155 3259 1251 3337 posita
1272 3269 1322 3315 aut
1339 3277 1374 3316 ex

214 3345 342 3425 margille
362 3349 453 3406 illata.
550 3344 657 3424 Σκίροι
677 3350 740 3418 RV,
767 3348 872 3425 Σκῖρσι
893 3353 926 3407 Α.
1025 3356 1052 3410 7.
1074 3345 1188 3431 ὀγδόῳ]
1210 3371 1235 3408 c.
1256 3355 1307 3422 27,
1326 3357 1356 3409 4.

213 3451 242 3504 9.
264 3440 382 3522 Σίρηιαι
408 3441 444 3499 R.
471 3442 572 3500 eadem
599 3441 711 3500 videtur
736 3461 800 3500 esse
827 3461 902 3520 qliae
928 3440 1044 3524 Κίρφις
1070 3446 1175 3502 dicitur
1198 3445 1374 3503 Strabonitt

214 3557 244 3614 p.
259 3537 331 3593 416:
347 3532 449 3610 χοιρία
470 3530 548 3609 πρὸς
567 3534 612 3614 τῷ
631 3532 795 3615 Παρνασῷ
813 3535 938 3616 Δελφοί
955 3555 986 3596 τε
1007 3536 1058 3596 καλ
1079 3535 1196 3616 Κίρφις
1216 3533 1268 3594 καί
1289 3534 1373 3595 Δαυ-

213 3624 269 3696 λίς.
290 3629 357 3686 item
373 3628 487 3685 Galeno
500 3627 571 3684 Lex.
588 3629 726 3706 llippocr.
743 3648 773 3706 p.
786 3633 855 3687 520:
873 3624 960 3700 πόλις
974 3629 1008 3690 δὲ
1022 3623 1101 3706 αὕτη
1114 3631 1277 3706 (Melaenae
1290 3631 1372 3704 dicit)

213 3717 292 3778 κατὰ
319 3716 354 3779 τό
375 3719 529 3795 Κρισαῖον
553 3717 658 3777 πεδίον
684 3717 865 3798 προκειμένη
890 3719 1143 3801 (παρακειμένηλ)
1170 3723 1215 3803 τῷ
1235 3719 1373 3803 Κριφίῳ,

213 3807 341 3890 ἀγαθὰς
364 3808 462 3887 νομὰς
486 3807 610 3886 ίχσυσα.
638 3814 685 3868 ubi
710 3813 755 3892 τῷ
781 3811 895 3894 Κίρηει
922 3817 1074 3893 legendnm
1101 3817 1222 3884 videtur,
1249 3818 1306 3873 nisi
1331 3816 1374 3896 τηῖ

212 3903 339 3985 Κιρφίῳ
360 3906 452 3974 malis,
473 3906 503 3962 id
525 3906 677 3962 calmontis
699 3923 802 3964 nomen
821 3907 917 3968 suerit.
1006 3914 1082 3966 -1l.
1104 3900 1225 3984 Σκιώνη
1245 3911 1284 3978 Χ,
1309 3911 1374 3968 libri

212 3992 322 4057 Σκιών.
440 4003 487 4056 13.
508 3997 570 4056 τῶν
590 3990 693 4055 αύτιῦν
712 3999 876 4075 γυναικών]
904 4002 967 4058 τῶν
991 3995 1094 4059 αὐτῶν
1116 3994 1314 4078 ύδριυύντιυν
1339 4023 1374 4062 er

211 4091 256 4170 Pp
282 4091 367 4149 allent
389 4093 423 4148 Η.
451 4092 566 4169 probari
593 4091 647 4148 lroc
673 4102 785 4168 potest‚·
810 4095 835 4150 si
861 4095 983 4152 ναυτῶν
1009 4113 1071 4152 cum
1093 4095 1237 4152 Salmasio
1263 4099 1373 4162 scribac
1434 4099 1438 4106 ⁴

211 4203 265 4262 pro
292 4178 408 4252 αὐτῶν,
435 4195 464 4242 ot
490 4203 552 4240 cum
580 4186 766 4258 sequentibus
792 4186 847 4242 icta
872 4189 1043 4263 coniungas,
1071 4197 1100 4243 ut
1125 4191 1258 4266 captivae
1284 4209 1373 4249 nares

213 4277 375 4336 incendisse
396 4277 543 4342 dicantur,
570 4275 637 4333 dam
664 4289 768 4337 nautae
794 4289 929 4355 aquatum
950 4282 1076 4338 ivissent.
1096 4280 1186 4359 plane
1207 4282 1246 4338 ita
1270 4283 1373 4340 Conon

211 4367 306 4425 Pliotii
326 4369 402 4427 Bilil.
424 4389 453 4446 p.
463 4365 531 4433 133,
544 4371 572 4424 5.
594 4387 652 4425 rem
673 4381 779 4439 narrat,
800 4372 933 4430 incensas
954 4391 1019 4432 eoae
1039 4391 1126 4431 naver
1147 4368 1375 4454 unicoloriter

209 4459 272 4519 τών
295 4457 363 4536 περί
388 4456 612 4539 Πρωτεσίλαον
636 4453 781 4521 ἁπάντων
809 4462 866 4520 τοῦ
897 4461 1039 4541 αλγιαλοδ
1063 4457 1187 4524 ἄνωθεν
1212 4461 1293 4545 πρός
1318 4464 1375 4546 τὴν
