2866 5092
765 283 813 354 22

295 473 477 554 Αγρισα,
507 459 608 543 πόλις
636 462 844 551 Καρμανίας.
887 457 906 528 ὁ
934 458 1073 548 πολίτης
1093 456 1298 547 Ἀγρισαῖος,
1326 452 1374 539 ὡς

205 581 351 652 ’Ἔδεσσα
371 580 575 658 Ἐδεσσαῖος.

294 697 448 788 Ἀγρός,
470 699 510 765 τό
530 695 662 785 χωρίον.
690 694 722 766 -ό
745 695 885 788 οἰκήτωρ
908 694 1048 786 ἀγρότης
1069 700 1126 764 καὶ
1147 691 1292 785 ἀγρότις,
1316 696 1374 763 καὶ

216 817 402 908 ἀγροιώτης
429 817 486 884 καί
512 813 663 905 ἀγριυτήρ
693 817 750 883 καὶ
776 812 961 905 ἀγρώτειρα
984 816 1041 884 καί
1063 810 1211 904 ἀγρώτης
1232 816 1291 883 aad
1313 819 1375 883 τοῦ

191 946 247 1005 εῶ
266 935 423 1026 μεγάλοιι,
446 931 493 1015 ὡς
514 929 662 1013 Μαλλός
682 932 876 1022 Μαλλώτης
896 936 952 1002 καὶ
964 929 1134 1021 ’Ἠπειρος
1151 929 1374 1022 Ἠπειρώτης,

217 1059 275 1125 καὶ
297 1051 467 1143 ἀγρώστης
488 1056 690 1140 πλεονασμῷ
710 1056 771 1120 τοῦ
792 1055 828 1132 ὀ,
857 1053 914 1120 καὶ
942 1051 1115 1131 συνθέτως
1140 1045 1299 1140 ἀγροικος
1318 1055 1376 1120 καὶ

218 1173 386 1264 ἀγροῖκος,
411 1167 469 1262 ἀφ’
493 1163 540 1240 ών
560 1168 763 1262 παρώνυμον
783 1171 823 1238 τό
846 1165 1041 1260 ἀγροικηρός
1069 1166 1115 1252 ὡς
1142 1167 1291 1260 σιγηρός,
1318 1173 1376 1239 καί

223 1292 444 1390 ,ιάγροικηρήν
460 1287 596 1382 φόσιν”,
618 1290 675 1358 καὶ
696 1285 874 1379 ἀγροιῶτις
889 1288 947 1356 καὶ
959 1285 1160 1379 ἀγριυστῖνος
1172 1290 1228 1358 καί
1244 1285 1378 1378 ἀγρεῖος

223 1415 279 1482 καὶ
301 1409 445 1500 ἀγρίτης,
468 1405 515 1490 ώς
534 1405 642 1488 τόπος
661 1405 810 1495 τοπίτης,
832 1407 889 1474 καὶ
911 1402 1026 1496 ἀγρείη
1048 1407 1107 1474 citri
1129 1404 1333 1496 διφῧόγγου.

185 1559 211 1597 ιυ
303 1525 461 1619 Ἀγυιά,
490 1524 597 1606 τόπος
625 1529 734 1615 δηλῶν
761 1526 822 1615 τήν
848 1526 883 1594 ἐν
910 1530 951 1616 τῇ
973 1522 1076 1593 πόλει
1098 1526 1264 1614 πορευτήν
1284 1521 1376 1596 ὁδόν.

218 1646 413 1738 Ἡρακλέων
442 1647 480 1715 δὲ
507 1641 527 1714 ὁ
550 1652 580 1712 Γ
578 1641 747 1723 λαόκωνος
772 1643 867 1730 παρὰ
891 1643 931 1712 τό
959 1639 1067 1712 ἀίσσω
1086 1642 1200 1734 φησίν.
1244 1642 1317 1714 ἔστι
1340 1648 1378 1715 δὲ

223 1765 269 1850 ὡς
291 1768 384 1855 παρὰ
406 1765 446 1832 τὸ
463 1761 560 1852 ἀρπω
578 1761 716 1852 ἀρπυια,
741 1759 846 1852 ἀρέγιυ
863 1758 1009 1851 ἀρέγυια.
1044 1761 1218 1850 ὀτοπίτης
1232 1759 1377 1850 ἀγαιεός.

223 1887 377 1972 λέγονται
393 1883 450 1952 καί
466 1878 637 1967 ὀβελίσκοι
652 1887 751 1962 θεοῖς
766 1878 946 1966 ἀνειμένοι,
968 1876 1014 1961 ὡς
1027 1876 1190 1962 Εὔπολις.
1221 1883 1279 1950 καί
1294 1884 1378 1952 κατά

225 2002 413 2089 συναίρεσιν
447 1996 586 2089 ἀγυιὲας
622 1994 750 2086 ἀγυιᾶς.
807 1999 939 2087 λέγεται
974 2003 1013 2070 δὲ
1047 1998 1127 2068 κίων
1161 1996 1299 2085 ἀγυιεάς
1332 2001 1380 2084 εἰς

188 2145 213 2186 ιι
227 2117 287 2202 ἀξι)
315 2115 511 2209 ἀπολήγων,
546 2113 565 2185 ὁ
592 2116 659 2204 πρὸ
686 2121 752 2183 τῶν
779 2122 894 2208 θορών
921 2116 1110 2204 ίστόμενος,
1138 2116 1381 2211 Ἀριστοφάνης

226 2381 254 2434 1.
268 2368 410 2451 Ἅγρισα]
425 2377 592 2436 Ptolemaeo
606 2377 716 2451 Geogr.
728 2381 756 2444 6,
771 2381 807 2434 16
822 2369 910 2453 Ἀγρί
924 2417 933 2433 .
1011 2384 1039 2437 2.
1054 2373 1190 2438 Ἔδεσσα
1202 2373 1382 2449 Ἐιλεσσαῖυς

227 2468 267 2536 R,
289 2457 404 2524 Ἔάεσα
431 2455 589 2535 Ἕιλεσαΐος
612 2469 674 2526 AV.
704 2469 830 2528 fortasse
860 2471 946 2527 etiam
965 2461 1115 2546 Ἅγρισσα
1141 2481 1170 2530 et
1187 2464 1383 2550 Ἀγρισσαῖυς

229 2559 420 2618 scribendum.
453 2591 456 2598 ·
499 2564 527 2618 3.
549 2553 565 2618 ὃ
586 2561 700 2618 om.·V.
744 2629 748 2634 .
777 2565 805 2620 7.
826 2553 1014 2638 παρώνυμον
1033 2557 1082 2638 τὸ]
1102 2562 1159 2619 Pro
1179 2564 1223 2622 his
1246 2567 1360 2624 RexP

229 2653 354 2712 enotavit
373 2645 543 2729 παράγεται
564 2647 600 2711 τὸ
620 2647 772 2728 κτητικόν.
805 2653 929 2710 fortasse
953 2654 1039 2729 igitur
1058 2655 1238 2713 scribendum
1264 2651 1319 2736 ἀφ’
1341 2679 1384 2716 ων

229 2739 399 2822 παράγεται
419 2741 454 2804 τό
475 2739 621 2820 κτητικάν
639 2737 826 2822 ἀγροικικός.
852 2742 903 2802 καί
928 2739 963 2803 τὸ
983 2741 1172 2822 παρώνυμον
1190 2741 1383 2827 ἀγροικηρός,

230 2857 305 2914 quae
329 2837 421 2896 firmat
447 2835 660 2912 quodammodo
684 2839 725 2905 R,
755 2839 783 2896 in
810 2855 867 2913 quo
891 2857 945 2914 pro
970 2831 1153 2916 ἀγροικηρός
1177 2843 1315 2919 scriptum
1340 2853 1384 2900 est

229 2923 305 3006 ἀγρο
319 2969 326 2984 .
339 2969 346 2985 .
360 2969 367 2984 .
381 2969 388 2983 .
401 2920 503 3004 κηρός,
524 2940 553 2988 et
572 2930 609 2999 V,
636 2932 686 3008 qui
705 2932 779 2990 inter
797 2923 985 3006 παρώνυμον
1004 2940 1033 2988 et
1052 2926 1146 3009 κηρός
1166 2933 1301 2990 undecim
1320 2934 1383 2993 fere

231 3020 378 3078 literarum
398 3019 529 3078 lacunam
549 3019 645 3080 babet.
725 3027 752 3082 8.
767 3015 929 3097 ἀγροιῶτις
948 3019 999 3079 καί
1020 3022 1147 3080 indicata
1165 3025 1268 3081 lacuna
1280 3046 1336 3084 om.
1348 3028 1384 3085 R

261 3105 464 3189 ἀγρωστΐνος]
484 3112 511 3168 Is
531 3111 649 3171 fabulae
667 3113 877 3192 Epicharmeae
896 3113 1004 3171 titulus.
1083 3119 1111 3174 9.
1132 3113 1183 3172 καὶ
1198 3158 1207 3173 .
1220 3160 1227 3175 .
1240 3158 1247 3174 .
1260 3159 1269 3175 .
1281 3160 1289 3176 .
1300 3116 1383 3198 γρείη

232 3200 284 3262 διὰ
304 3205 341 3262 V.
369 3206 467 3281 itaque
492 3205 589 3263 malim
608 3201 659 3263 καί
680 3199 819 3281 ἀγρίτης,
846 3198 887 3272 ὡς
911 3199 1006 3274 τόπος
1023 3203 1163 3282 τοπίτης,
1189 3207 1241 3266 καί
1266 3205 1387 3290 ἀγρεῖος

233 3293 283 3356 καί
304 3290 409 3374 ἀγρείη
430 3293 482 3356 διὰ
502 3292 687 3376 διφθόγγου.
776 3303 822 3356 10.
843 3289 937 3365 τόπος
957 3295 1071 3374 δηλῶν]
1091 3300 1284 3360 scribendum
1303 3304 1385 3364 vide·

232 3402 280 3450 tur
298 3383 397 3465 ὄνομα
417 3387 540 3464 δηλοῦν.
560 3391 693 3448 nimirum
712 3379 810 3463 ὄνομα
830 3392 961 3468 primum,
982 3401 1012 3448 ut
1030 3391 1073 3465 fit,
1094 3393 1123 3450 in
1142 3384 1213 3461 ὄνος
1232 3395 1339 3454 deinde
1357 3398 1386 3454 in

233 3475 327 3550 τόπος
346 3491 520 3558 corruptum.
547 3481 595 3538 ef.
612 3501 636 3539 ε.
648 3501 673 3537 v.
687 3474 857 3558 Αἰγινήτης
871 3515 908 3526 ·-
923 3477 1000 3542 ἔοικε
1020 3479 1054 3542 δὲ
1074 3479 1110 3544 τὸ
1129 3475 1228 3560 ὄνομα
1246 3489 1287 3558 (R
1302 3479 1387 3562 ὄνος)

234 3573 349 3650 δηλοῦν
368 3569 424 3649 τὴν
444 3569 476 3630 ir
494 3573 539 3653 τῷ
559 3565 672 3652 Πόντῳ
694 3569 834 3649 Αἴγιναν.
866 3576 950 3634 video
968 3595 1051 3634 nune
1071 3577 1100 3634 in
1120 3577 1147 3638 R
1166 3580 1303 3657 scriptun
1322 3601 1389 3642 εεεε

232 3661 335 3735 τάπὀς,
357 3686 375 3724 a
393 3666 540 3724 Passowio
559 3685 623 3724 cum
642 3665 772 3743 plurimis
793 3666 857 3726 aliis
876 3669 1048 3744 neglectum.
1144 3663 1202 3745 τήν
1221 3689 1277 3730 om.
1299 3674 1364 3730 RV.

235 3766 283 3820 11.
305 3751 438 3818 Γλαόκ..
458 3760 522 3816 RV.
550 3760 673 3818 fortasse
693 3750 852 3827 Γλαύκου,
880 3769 910 3816 ut
935 3760 1039 3818 dicitur
1064 3760 1140 3818 infra
1160 3780 1186 3820 v.
1200 3756 1389 3839 Ἀρέθουσα.

235 3872 289 3931 pro
309 3847 410 3910 ἀίσσω
428 3853 583 3932 suspiceris
604 3843 679 3926 ἀγιυ,
701 3869 785 3926 quam
805 3852 1006 3929 etymologiam
1026 3863 1185 3928 sequuntur
1203 3854 1337 3916 Eustath.
1352 3857 1390 3916 ad

235 3947 267 4002 li.
289 3965 319 4023 p.
341 3947 406 4015 166,
422 3948 469 4002 23.
499 3942 659 4018 Hesychius
680 3962 707 4000 v.
728 3934 820 4020 ἀγυιιί
841 3953 869 4000 et
888 3943 982 4020 Etyin.
1002 3944 1043 4003 Μ.
1063 3965 1093 4022 p.
1114 3948 1161 4014 11,
1180 3951 1228 4006 26.
1248 3949 1391 4028 nisipost

236 4030 301 4095 ἔστι
321 4031 355 4094 δι’
375 4028 417 4103 ώς
432 4027 462 4107 (ό
476 4035 545 4108 RV)
567 4055 631 4094 cum
650 4036 675 4092 B
696 4035 806 4092 addere
825 4045 954 4112 praestat
973 4032 1059 4114 παρὰ
1079 4035 1114 4098 τὸ
1135 4031 1208 4114 ἀγω.
1230 4041 1277 4097 vix
1294 4051 1391 4102 tamen

238 4129 313 4186 adeo
338 4129 452 4207 ineptus
478 4128 532 4184 suit
557 4127 714 4195 Heracleo,
741 4138 771 4184 ut
795 4119 889 4203 ἀγυιιί
914 4128 953 4185 ad
976 4123 1095 4186 ἀίσσιιν
1119 4130 1250 4192 referret.

238 4225 285 4279 12.
305 4210 394 4294 ἀρπιο
414 4221 583 4290 Salmasius,
603 4209 686 4294 ἀρπη
708 4221 781 4278 libri.
860 4212 1007 4296 ἀρόγυιαλ
1083 4227 1131 4282 13.
1152 4215 1300 4298 Εὔπολις]
1322 4227 1392 4284 Vid.

240 4314 322 4370 Com.
344 4322 420 4389 poet.
441 4319 469 4370 2.
492 4333 521 4389 p.
543 4317 609 4370 571.
709 4313 754 4370 14.
775 4308 808 4370 δι’
828 4331 881 4390 pro
901 4310 952 4370 καί
974 4315 1011 4373 V.
1110 4319 1156 4374 15.
1177 4309 1394 4391 ἱστορούμενος

240 4405 322 4480 PpV.
349 4425 385 4461 an
411 4407 497 4480 igitur
517 4399 696 4478 ίάρυμίνοςὶ)
