2888 5084
741 240 814 315 ιιι
836 341 838 352 ὗ

199 421 310 516 μερίς·
342 419 362 513 ἡ
392 423 455 514 γάρ
482 423 647 514 προτέρα,
674 417 754 490 καθ’
777 415 819 512 ἣν
841 413 882 511 ἦν
902 420 944 490 τά
963 417 1164 508 Ἐκβάτανα,
1192 415 1359 510 ἡμητρό-

203 546 306 624 πολις
342 541 399 611 καὶ
429 540 469 610 τό
503 541 677 628 βασίλειαν
711 545 771 631 τῆς
800 539 952 630 Μηδίας.
1000 536 1072 611 άπδ
1104 543 1166 608 τοῦ
1197 534 1362 628 ἡγεμόνος

197 656 419 751 Ἀτροπάτου.
462 660 502 728 τό
525 659 663 730 ἐθνκκδν
684 655 933 749 Ἀτροπατηνός
954 659 1012 728 καὶ
1032 653 1276 746 Ἀτροπακηνὴ.

282 775 516 861 Ἀττάλεια,
544 775 647 859 πόλις
667 775 817 858 Λυδίας,
845 776 1009 869 πρότερον
1032 773 1209 868 Ἀγρόειρα
1236 770 1363 866 ἢἈλ

181 893 323 988 ῡλόειρα
350 898 549 988 καλουμένη.
592 895 626 967 oi
654 899 694 968 δὲ
719 896 780 987 την
801 895 959 979 Κιλικίας
980 893 1144 986 Κιόρυκον
1165 894 1253 965 οῦτοι
1275 894 1364 984 φασί

206 1015 385 1106 λέγεσθαι,
407 1012 454 1098 ὡς
475 1013 684 1108 Δημήτριος,
707 1011 780 1085 άπδ
796 1011 960 1086 Ἀττάλου
984 1015 1207 1106 Φιλαδέλφου
1227 1011 1362 1082 κτίσαν-

203 1161 262 1218 τος
289 1132 404 1225 αῦτήν.
446 1137 486 1206 τό
514 1135 652 1205 δθνικδν
674 1131 865 1216 Ἀτταλεός.
907 1133 965 1203 καὶ
988 1129 1184 1216 Ἀτταλικός
1210 1133 1364 1223 κτητικδν

205 1254 264 1326 καὶ
284 1251 443 1344 θηλυκόν.

283 1369 485 1455 Ἀτταλίς,
523 1371 611 1464 φυλή
644 1377 705 1462 τῆς
735 1369 902 1461 Ἀττικῆς,
937 1363 979 1461 ἢν
1008 1367 1158 1462 Ἀττάλῳ
1191 1367 1364 1461 ἀνέθηκαν

168 1487 391 1581 ιοἈθηναῖοι.
437 1487 456 1562 ό
480 1491 624 1582 φυλέτης
638 1487 828 1578 Ἀτταλεός.

289 1607 403 1680 Ἀττά
410 1612 482 1680 λυδ
488 1638 526 1694 α,
555 1608 658 1691 πόλις
678 1608 829 1693 Λυδίας,
857 1614 1036 1679 κτισθεῖσα
1058 1605 1127 1678 imai
1146 1603 1285 1688 Ἀττυος
1306 1608 1366 1676 καῖ

206 1730 292 1816 μετά
312 1726 466 1802 θάνατον
487 1725 591 1798 αὐτοῦ
610 1724 681 1798 ὑπὸ
702 1732 825 1800 Λυδοῦ
845 1734 906 1800 τοῦ
927 1727 1055 1808 παιδός
1077 1723 1190 1798 αὐτοῦ.
1217 1729 1273 1796 τό
1300 1723 1364 1796 ἐθ-

207 1851 300 1920 νικόν
316 1845 544 1930 Ἀτταλυδεάς.

291 1975 331 2038 A
338 1962 448 2038 ῦαθα
469 1966 528 2036 καί
546 1957 712 2056 Αῦαρα,
735 1963 932 2053 οὐδετέρως,
955 1963 1107 2034 συνοικία
1129 1961 1296 2058 Ἀράβων,
1319 1963 1367 2049 ὡς

171 2115 197 2156 ιι
212 2082 377 2178 Οόράνιος
403 2083 439 2156 ἐν
464 2081 651 2180 Ἀραβικῶν
678 2081 807 2178 πρώτη.
850 2082 884 2153 oi
910 2080 1081 2175 οἰκήτορες
1101 2079 1289 2174 Αόαθηνοί
1309 2087 1367 2156 καὶ

207 2203 395 2298 Αῦαρηνοί.

294 2320 520 2415 Αῦαλίτης,
542 2319 670 2404 κόλπος
691 2320 728 2392 ἐν
748 2325 875 2406 δεξιοῖς
893 2323 1011 2414 μέρεσι
1031 2327 1092 2413 τῆς
1110 2319 1276 2414 Ἐρυθρᾶς
1297 2331 1366 2395 θα-

211 2443 346 2535 λάσσης.
384 2443 424 2514 τό
446 2441 584 2512 ίθνικδν
607 2440 737 2528 όμοιον.

146 2641 149 2648 ,
296 2570 336 2636 A
342 2557 459 2654 όαρα,
481 2556 585 2643 πόλις
599 2558 777 2652 Ἀραβίας,
800 2557 872 2632 άπό
892 2566 1040 2652 ’χρησμοῦ
1060 2562 1225 2643 δοθέντος
1240 2559 1367 2656 Ὀβόδρ

172 2686 376 2774 κικληθεῖσα
398 2677 466 2750 ῦπδ
488 2685 550 2750 τοῦ
571 2677 646 2749 οῖοῦ
668 2677 771 2770 αὐτοῦ
786 2677 918 2768 Ἀρέτα.
962 2677 1131 2770 ἐξώρμησε
1152 2682 1214 2772 γάρ
1230 2677 1368 2773 Ἀρέτας

212 2800 260 2885 εἷς
281 2797 483 2892 ἀναζήτησιν
503 2804 564 2868 τοῦ
583 2805 746 2891 χρησμοῦ·
778 2795 798 2868 ό
825 2800 864 2868 δὲ
887 2799 1033 2889 χρησμός
1059 2793 1101 2890 ἦν
1128 2793 1239 2889 alicua
1259 2796 1368 2870 τόπον

213 2923 328 3010 ζητεῖν,
351 2917 372 2987 ό
393 2918 465 2998 ἐστι
485 2918 569 2987 κατά
583 2911 734 3008 Ἀραβας
751 2918 808 2986 καῖ
821 2915 949 3009 Σύρους
963 2916 1097 3009 λευκήν·
1120 2921 1178 2990 καὶ
1192 2917 1368 3010 φθάσαντι

211 3043 259 3128 τῷ
282 3036 400 3128 Ἀρέτᾳ
428 3038 486 3106 καὶ
512 3040 652 3122 λοχῶντι
678 3034 786 3128 ἐφάνη
808 3034 928 3128 φάσμα
951 3035 1040 3128 αὐτῷ
1062 3037 1264 3125 λευκοείμων
1284 3034 1368 3128 άνηρ

213 3155 272 3228 ἐπὶ
287 3160 404 3246 λευκῆς
421 3153 592 3246 δρομάδος
606 3153 746 3245 προϊών.
779 3152 1032 3248 ἀφανισθέντος
1049 3158 1088 3228 δὲ
1108 3161 1168 3226 τοῦ
1190 3153 1369 3248 φάσματος

173 3308 200 3347 π
213 3274 379 3356 σκόπελος
406 3268 556 3366 άνεφάνη
587 3269 774 3360 αι’νιόματος
804 3277 890 3345 κατά
919 3282 979 3368 γῆς
1008 3276 1242 3369 ε’ρριζωμένος,
1277 3271 1372 3345 κάκεῖ

212 3393 321 3466 ἔκτισε
342 3389 457 3463 πόλιν.
500 3395 540 3465 τό
563 3389 701 3464 ἔθνικόν
721 3390 915 3486 Αὐαρηνός.

210 3621 413 3640 -fl-fl

213 3771 240 3824 1.
253 3753 388 3841 nocirqi‘
450 3753 524 3819 καθ’
537 3752 557 3819 ii
568 3747 607 3839 ἦν
617 3762 652 3835 R,
663 3757 750 3821 καθά
764 3748 855 3840 ἦνΠ,
870 3781 908 3820 an
924 3753 997 3820 καθ’
1009 3751 1069 3837 ἣνλ
1145 3766 1174 3821 3.
1183 3753 1370 3838 Ἀτροπατη·

212 3854 261 3916 νοί
278 3847 559 3935 ΡτοἈτροπιιτηνὴ
579 3855 615 3913 Β.
694 3855 723 3912 4.
738 3851 867 3924 Λυκίας
885 3856 921 3913 Β.
1000 3859 1028 3913 5.
1043 3850 1185 3921 Κιλικίας
1203 3848 1369 3932 Κιόρυκον]

214 3947 362 4008 Consuudi
377 3965 394 4004 a
408 3947 549 4024 scriptore
563 3948 705 4023 Corycum
719 3948 838 4008 Ciliciae
853 3968 916 4005 cum
932 3949 1045 4023 Coryco
1058 3947 1249 4025 Pamphyliae
1262 3951 1372 4006 monuit

212 4042 382 4103 Salmasius.
501 4043 569 4113 526.
591 4037 670 4120 φασὶ
692 4035 837 4117 γενίσθαι
862 4041 927 4097 RV.
1045 4045 1073 4099 7.
1091 4032 1272 4099 Ἀτταλικόν
1295 4043 1331 4101 R.

213 4125 458 4202 11.1‘mov‚‹inl
476 4133 533 4190 AR.
595 4125 753 4201 ἈτυοςΒ.
826 4133 872 4192 14.
883 4131 948 4208 καὶ]
963 4126 1005 4201 ὡς
1018 4133 1166 4192 (ἰατοίίσε.
1246 4138 1292 4193 15.
1304 4132 1368 4207 καί]

212 4221 254 4295 ὡς
274 4227 361 4284 idem.
448 4232 495 4286 19.
514 4216 648 4304 Αῦορα]
669 4227 714 4285 De
734 4225 818 4284 lruiua
840 4229 917 4284 urbia
935 4227 1093 4303 originibus
1115 4245 1191 4303 quae
1212 4225 1372 4294 traduntur,

212 4319 290 4378 lraud
311 4319 397 4376 dubie
418 4337 454 4378 ex
474 4317 575 4374 Vrauii
591 4319 730 4388 Arabicis,
751 4337 826 4394 quae
847 4337 873 4377 τ.
885 4310 1011 4379 Alaun
1032 4319 1165 4393 citantur,
1185 4321 1275 4397 petita
1296 4328 1372 4377 aunt.

210 4417 258 4472 22.
280 4400 406 4468 lcvxlivl
495 4413 543 4468 23.
564 4408 713 4483 σχολιῦντι
733 4405 776 4468 Π.
