2902 5070
742 250 817 326 220

329 428 351 521 ἢ
375 427 412 500 οἳ
430 429 620 520 Δαρσανίην
645 437 737 499 ναῖον
760 429 862 500 πόλιν
885 426 1093 520 εὐρυάγυιαν,

330 548 416 619 ἔνθα
437 576 473 618 τε
496 551 613 619 πέπλα
636 555 784 637 γυναῖκες
800 546 984 637 Ἀθηναίης
1008 545 1115 636 ἰότητι

330 665 480 758 αὐτῆμαρ
502 665 685 756 κροκόωσιν
708 664 759 756 ἐφ’
784 663 974 736 λστοπόδων
995 663 1189 744 τανόσυσαι,

332 783 482 876 αὐτῆμαρ
505 783 539 854 δ’
564 785 725 871 ἐτάμοντο
749 785 818 865 [καί
840 782 878 865 ἐξ
899 782 1010 863 ἱστῶν]
1034 780 1206 872 ἐρύσαντο.

177 909 240 978 ῡτό
263 905 400 977 ἐθνικόν
422 902 613 995 Δαρσάνιοι
634 901 680 984 ὡς
700 900 894 994 Καρμάνιοι
910 899 1083 993 Ὑρκάνιοι
1106 898 1274 986 ..μάνιοι.

287 1021 483 1113 Δάρσιοι,
507 1021 609 1103 ἔθνος
633 1018 788 1112 Θρᾴκιον,
807 1019 980 1102 Ἑκαταῖος
1001 1017 1161 1110 Εὐρώπη.

287 1150 321 1211 Δ
328 1143 464 1222 ασέαι,
481 1137 582 1220 πόλις
594 1137 784 1228 Ἀρκαδική,
800 1138 1000 1220 Παυσανίας
1016 1136 1136 1229 ὀγδόῳ.
1167 1140 1207 1208 τὸ
1224 1137 1360 1210 ἐθνικόν

204 1259 380 1348 Δασεάτης
401 1255 447 1340 ὡς
468 1256 665 1348 Καφυάτης.

290 1375 541 1458 Δασκύλιον,
565 1374 666 1458 πόλις
681 1374 813 1464 Καρίας
833 1375 891 1444 ἐπὶ
912 1382 983 1458 τοῖς
1005 1375 1098 1468 όροις
1118 1383 1177 1468 τῆς
1190 1375 1358 1468 Ἐφεσίας,

165 1497 276 1572 ιυάπό
303 1493 482 1568 Δασκύλου
509 1500 570 1564 τοῦ
596 1493 671 1564 υἱοῦ
698 1489 904 1583 Περιαόόου.
948 1491 1020 1565 ἔστι
1049 1497 1105 1567 καί
1136 1497 1231 1588 ἑτέρα
1259 1494 1361 1578 πόλις

202 1620 287 1707 μετά
307 1620 350 1686 τά
370 1616 503 1707 Τρωικά
524 1620 711 1683 κτισθεῖσα.
745 1611 840 1702 τρίτη
857 1615 916 1700 τῆς
931 1610 1074 1696 Ἰωνίας,
1096 1615 1136 1684 τὸ
1156 1615 1242 1704 μέγα
1265 1613 1359 1703 λεγό-

202 1765 311 1825 μενον,
334 1731 381 1816 ὡς
401 1737 513 1819 μεῖζον
530 1738 596 1800 τῶν
611 1727 733 1800 άλλων.
765 1729 903 1821 τετάρτη
919 1731 997 1820 περί
1011 1732 1188 1802 Βιθυνίαν.
1222 1735 1359 1822 πέμπτη

203 1864 263 1948 τῆς
283 1851 451 1933 Αἰολίδος
472 1852 529 1920 καί
553 1849 709 1940 Φρυγίας.
752 1851 791 1920 τό
814 1852 952 1922 ἐθνικόν
973 1850 1197 1942 Δασκυλίτης,
1220 1849 1267 1934 ὡς
1289 1850 1358 1922 Κό-

206 2000 291 2067 προς
325 1970 507 2062 Κυπρίτης.
551 1966 622 2037 ἔστι
657 1970 713 2038 καί
747 1973 949 2052 Δασκυλῖτις
984 1969 1080 2061 λίμνη
1120 1967 1141 2061 ἢ
1174 1970 1357 2053 Δασκυλία,

167 2124 193 2164 ιε
206 2093 291 2164 ὥστε
313 2091 370 2159 καί
391 2084 582 2167 Δασκύλιος
604 2083 623 2155 ό
646 2086 796 2176 πολίτης.
838 2084 1018 2172 Εὐδαίμων
1045 2091 1084 2159 δὲ
1106 2090 1162 2158 καί
1183 2086 1361 2179 Ἀρκάδιος

203 2212 263 2282 διά
290 2215 349 2298 τῆς
376 2213 408 2280 οἳ
434 2202 628 2295 όιφθόμγου
656 2205 824 2299 γράφουσι
850 2208 909 2297 την
936 2196 972 2276 λλ
998 2205 1178 2297 συλλαβήν.
1221 2210 1355 2298 λέγεται

204 2331 262 2399 καί
282 2323 453 2406 Λασκυλίς
473 2322 634 2414 θηλυκόν.

290 2445 476 2527 Δάσκων,
510 2443 665 2526 Σικελίας
693 2443 824 2533 χωρίον.
878 2444 1038 2526 Φίλιστος
1073 2445 1148 2536 ἕκτη
1179 2448 1360 2515 Σικελικῶν

208 2567 282 2664 κείς
303 2565 342 2636 τό
365 2563 586 2655 Πλημμύριον
613 2565 670 2633 καί
690 2559 894 2633 Δόσκωνα”.
938 2565 977 2633 τὸ
1005 2564 1142 2635 ίθνικὸν
1164 2561 1360 2647 Λασιώνιος

167 2685 228 2780 1οῆ
248 2682 474 2774 Λασκωνίτης.

292 2809 574 2895 Δασσαρῆται,
605 2799 707 2884 ἔθνος
733 2798 907 2892 Ἰλλυρίας,
935 2800 1109 2890 Πολύβιος
1137 2801 1260 2893 ὀγδόῳ.
1303 2803 1358 2872 καί

206 3027 407 3041 ’.μαι-

206 3195 233 3250 1.
252 3181 271 3267 ἢ
292 3182 321 3248 οἱ
340 3187 462 3269 Ppflv,
488 3186 536 3266 οίη
556 3192 591 3262 R,
616 3183 650 3248 σί
666 3182 694 3247 οί
713 3192 747 3246 Α.
864 3195 892 3249 3.
913 3185 961 3270 ἐφ’
984 3193 1183 3260 Casaubonus,
1209 3184 1264 3269 ἀφ’
1286 3190 1358 3249 libri.

204 3277 375 3342 ἲστοαίόων
393 3285 430 3343 R.
527 3287 555 3342 4.
576 3274 690 3357 λ’ταμόν
709 3302 740 3342 τε
760 3283 931 3342 θαλασσίαν.
956 3285 1032 3344 idem
1053 3286 1122 3344 add.
1143 3283 1194 3342 καί
1214 3282 1246 3354 ἐξ
1267 3280 1360 3343 ἱστῶν

206 3378 250 3435 vel
271 3371 368 3434 ἱστοῦ.
445 3379 473 3436 5.
489 3366 707 3452 [Κορσ]μάνιοι
727 3376 896 3445 Salmasius,
918 3378 996 3453 quod
1016 3378 1122 3436 serrem
1139 3380 1162 3435 si
1175 3372 1360 3452 Κορομανία

204 3489 257 3548 pro
271 3459 440 3543 Κορσμάνη
461 3469 567 3526 dictum
587 3469 678 3526 fuisse
692 3479 847 3526 constaret.
868 3487 905 3526 an
919 3471 1005 3545 igitur
1019 3463 1243 3548 [Δαρό]άνιοι“ί
1262 3471 1357 3548 possis

206 3562 292 3619 etiam
306 3551 493 3633 [Ἀλβ]άνιοι,
517 3561 596 3637 quod
615 3561 691 3618 infra
711 3581 774 3618 cum
791 3553 947 3638 Ὑρκάνιοι
969 3575 1127 3641 comparat.
1204 3569 1233 3622 7.
1245 3555 1357 3640 ὀγδόῳ]

206 3657 253 3722 36,
274 3659 302 3712 9.
323 3663 352 3710 at
371 3657 400 3723 3,
419 3658 437 3710 3
458 3664 487 3710 et
505 3653 586 3722 27,4
605 3650 726 3711 Λυσία.
804 3659 834 3714 8.
852 3647 1020 3731 Δασεάτης
1039 3657 1208 3726 Salmasius,
1227 3647 1358 3716 Λαουινί-

203 3764 259 3820 της
273 3748 306 3814 Α,
327 3745 453 3802 indicata
473 3744 576 3804 lacuna
590 3767 646 3806 om.
659 3749 723 3805 RV.
801 3740 978 3826 Καφυότης
991 3749 1160 3818 Salmasius,
1179 3739 1361 3826 Καφυώτης

205 3838 279 3894 libri.
377 3844 424 3896 10.
446 3833 626 3913 Περιαόόου
647 3861 750 3898 nomen
771 3849 947 3918 suspectum.
1048 3847 1094 3900 11.
1115 3841 1171 3917 τῆς
1187 3833 1304 3907 Ἰωνίας
1325 3842 1360 3909 R,

205 3939 292 4014 πόλις
309 3940 425 4014 Ἰωνίας
444 3949 507 4004 AV.
587 3955 633 4006 12.
649 3942 751 4023 μεῖζον
770 3951 806 4018 R,
826 3927 923 4024 μειζλό
938 3952 972 4018 V,
992 3947 1103 4024 μιιζιον
1118 3953 1151 4008 Α.
1228 3945 1359 4026 τετάρτη

205 4034 361 4106 Βιθυνίας
380 4040 417 4096 V.
496 4036 934 4120 13.14.Κόπρυς1(υπρίτης]
957 4045 1037 4102 Haec
1056 4063 1113 4101 non
1135 4042 1285 4119 quadrant,
1306 4043 1359 4099 nisi

206 4153 259 4211 pro
283 4124 464 4191 Δασκύλιον
490 4135 575 4190 etiam
600 4127 766 4203 Δάσκυλος
798 4135 904 4192 dictam
935 4138 1023 4212 idque
1053 4139 1089 4192 ab
1120 4137 1184 4214 ipso
1209 4135 1359 4212 Stephano

206 4225 362 4281 indicatum
388 4223 479 4282 fuisse
500 4236 636 4285 sumatur.
754 4229 800 4286 14.
820 4223 1010 4296 Δασκυλῖτις
1035 4227 1137 4298 flav,
1163 4224 1361 4301 Δασκυλίτης

207 4321 240 4374 Α.
332 4322 376 4376 15.
398 4311 566 4392 Εὐδαίμων
584 4320 621 4388 R,
642 4315 771 4395 ιόδαιμυ
793 4320 829 4388 V,
849 4311 1007 4395 Εόόαιμσς
1027 4325 1060 4379 Α.
1179 4327 1224 4380 19.
1245 4318 1288 4387 είς
1307 4314 1360 4378 τόν

207 4411 281 4469 libri.
360 4414 407 4467 21.
428 4406 630 4483 Δυσσαρῖται
650 4423 717 4472 ante
739 4414 775 4471 H.
