2866 5092
782 286 828 358 12

308 460 572 554 Ἀγάθυρσοι,
595 461 698 544 ἔθνος
719 461 882 554 ίνδοτέρω
904 468 965 534 τού
984 464 1113 549 Αἵμου.
1154 465 1328 554 κέκληνται
1349 467 1387 536 δέ

227 579 249 673 ἢ
273 579 365 672 [ἀπ’]
388 577 602 670 Ἀγαθύρσου
630 587 690 650 τοῦ
714 579 937 673 Ἡρακλέους,
964 579 986 672 ἢ
1015 579 1062 663 ὥς
1082 581 1293 673 Πείσανδρος
1315 580 1385 652 άπό

226 705 293 771 τῶν
315 696 452 788 θύρσων
472 705 533 768 τού
554 700 734 772 Διονύσου.
779 699 798 772 ὃ
820 699 917 782 τόνος
937 699 1053 791 βαρύς.
1084 703 1127 769 τά
1150 700 1198 783 είς
1218 705 1279 782 ιῗὸς
1300 699 1385 790 ὑπὲρ

228 816 289 888 δύο
313 820 482 906 συλλαβάς
510 817 625 904 ἔχοντα
651 819 712 908 τήν
733 816 800 907 πρδ
823 817 941 896 τέλους
962 815 1011 897 εἷς
1032 815 1243 906 ἀμετάβολον
1264 816 1386 910 λη’γου-

203 963 292 1018 soor
312 935 501 1028 βαρύνεται,
529 935 719 1026 Μάγαρσος
740 931 842 1015 πόλις
863 933 1032 1020 Κιλικίας,
1055 936 1263 1027 Μαίμαρσος
1283 934 1386 1020 πόλις

218 1051 364 1146 Ἴστρων.
399 1055 505 1138 οὕτως
519 1053 740 1145 Ἀγάθυρσος,
761 1055 820 1123 καὶ
839 1051 953 1146 κύριον
975 1058 1032 1125 καὶ
1047 1052 1196 1125 έθνιιιόν.
1229 1057 1385 1145 λέγονται

226 1178 284 1245 καὶ
300 1173 523 1264 Ἀγαθύρσιοι
544 1177 702 1263 κτητικῶς
723 1168 746 1262 ἢ
768 1174 922 1256 ἐθνικῶς.
959 1170 1031 1242 άπὸ
1054 1174 1092 1243 δέ
1106 1178 1167 1242 τοῦ
1184 1172 1387 1263 Καβακησός

227 1293 337 1364 οἴεται
355 1291 506 1377 Δίδυμος
528 1293 612 1362 κατά
628 1291 799 1381 συγκοπὴν
813 1297 875 1361 τοῦ
891 1288 1087 1377 Καβασσός.
1117 1289 1220 1372 πόλις
1241 1293 1280 1362 δέ
1302 1292 1385 1382 αύτη

226 1418 286 1482 τοῦ
299 1409 516 1500 Ὀθρυονίως,
539 1411 618 1498 περὶ
639 1403 678 1500 ἧς
692 1409 826 1498 βιβλίον
842 1407 921 1479 όλον
936 1408 1136 1502 συνέγραψε.
1165 1405 1385 1497 δειχθήσεται

190 1559 215 1598 ω
228 1533 267 1602 δέ
288 1529 324 1602 ἐν
344 1536 392 1620 τῷ
414 1532 494 1620 περὶ
514 1527 617 1620 αὐτῆς
638 1527 727 1619 λόγῳ
748 1533 847 1597 τοῦτο
869 1530 1009 1620 ψεῦδος.

305 1647 456 1741 Ἀγαμή
463 1655 484 1719 δ
490 1677 525 1741 η,
546 1647 654 1729 τόπος
675 1647 754 1736 περὶ
774 1645 911 1738 Πύρραν
931 1649 991 1736 τῆς
1012 1646 1169 1733 Λέσβου,
1195 1644 1266 1716 άπὸ
1283 1645 1383 1736 Ἀγα-

223 1767 332 1860 μήδης
358 1773 419 1858 τῆς
446 1766 629 1859 Μάκαρος,
657 1769 717 1855 τῆς
745 1765 803 1834 καί
831 1761 967 1855 Πύρρας
996 1761 1181 1851 ἐπίκλησιν.
1224 1763 1297 1837 ἔστι
1326 1769 1384 1837 καί

225 1884 324 1978 κρήνη
341 1884 521 1978 Ἀγαμήδη,
545 1881 592 1967 ὥς
611 1881 784 1965 Νικόλαος
806 1885 834 1953 ε’.
862 1882 901 1952 τδ
924 1882 1061 1952 έθνικδν
1077 1879 1275 1974 Ἀγαμηδιῒς
1297 1889 1382 1955 κατά

223 2008 346 2096 τέχνην,
367 2002 414 2089 ιύς
435 2006 648 2092 Νικομηδεῖς.

223 2323 253 2375 2.
274 2309 325 2374 ἀπ’
347 2315 416 2373 add.
436 2317 474 2374 X.
501 2314 539 2372 es.
558 2313 690 2372 Eustatb.
711 2314 750 2372 ad
768 2315 855 2372 Dion.
876 2315 943 2372 310.
1046 2320 1074 2373 3.
1094 2317 1150 2384 ὀἷς
1169 2317 1204 2386 Β,
1230 2320 1265 2386 ὃς
1284 2319 1360 2376 libri.

223 2409 252 2467 4.
274 2402 429 2486 λήγουσαν
448 2408 633 2475 Scbubartns‚
654 2406 746 2484 λῆγον
764 2407 840 2465 libri.
930 2409 958 2466 ⁵.
978 2401 1153 2485 βαρύτονον
1171 2411 1206 2468 R.
1305 2404 1379 2469 Μά-

222 2518 340 2579 γαρσος
357 2500 399 2570 R,
429 2498 600 2576 Μέγαρσος
619 2499 686 2567 AV,
717 2519 774 2577 qua
798 2500 892 2558 sonno
918 2519 987 2558 usos
1013 2511 1057 2564 est
1081 2501 1226 2580 Lycopbr.
1252 2503 1319 2562 444.
1352 2513 1380 2564 et

222 2592 363 2650 Arcadius
384 2591 448 2650 loeo
469 2594 564 2650 statim
584 2591 786 2650 adscribendo.
812 2592 850 2650 cs.
870 2593 980 2652 Eckhel
999 2593 1036 2650 D.
1057 2593 1096 2650 N.
1118 2599 1144 2662 1,
1164 2599 1182 2653 3
1202 2616 1232 2674 p.
1254 2601 1302 2656 60.

223 2682 365 2754 Κιλικίας
384 2685 449 2755 ΒΗ,
469 2680 609 2754 Σικελίας
629 2685 702 2743 libri.
798 2681 995 2763 Μαίμαρσος
1014 2695 1178 2765 suspectum
1198 2708 1303 2749 nornen
1325 2710 1380 2749 nec

223 2787 407 2838 memoratum
427 2779 532 2838 Arcad.
553 2799 583 2857 p.
602 2782 649 2846 76,
669 2781 686 2838 5
713 2773 916 2853 σεσημείωται
936 2774 972 2835 τό
992 2770 1111 2856 πυρσός
1130 2771 1322 2855 όξυνόμενον,
1343 2778 1379 2839 τό

223 2863 331 2937 κισσός
356 2870 428 2946 (leg.
448 2864 568 2945 κιρσός)
594 2866 644 2928 καὶ
671 2863 768 2944 ιλρσός
794 2869 864 2946 (leg.
885 2863 1003 2947 όρσός).
1032 2865 1072 2928 τό
1099 2865 1132 2927 δι’
1156 2865 1378 2949 ύπερδισύλλα·

222 2963 316 3036 βα
335 2954 521 3038 βαρύνεται,
547 2955 695 3040 Βάγαρος
715 2953 910 3038 (Βάγαρσος)
934 2957 1069 3039 μίγαρος
1089 2961 1159 3039 (leg.
1179 2959 1376 3041 Μέγαρσος).

221 3047 342 3121 τούτοις
358 3047 529 3112 ἀκολουθεῖ
540 3050 592 3110 καὶ
611 3049 646 3111 τὸ
661 3046 866 3130 Ἀγάθυρσος.
944 3058 972 3112 6.
989 3047 1117 3132 Ἴστρων
1135 3057 1238 3126 1²·RV,
1252 3048 1376 3135 Ἴστρον

222 3150 257 3208 Δ.
353 3151 382 3206 8.
403 3144 459 3204 τοῦ
479 3153 546 3203 ante
564 3138 739 3220 Καβασσός
764 3145 833 3202 add.
853 3146 917 3204 RV.
946 3146 1014 3204 sort.
1035 3138 1081 3204 τό.
1184 3153 1212 3208 9.
1232 3149 1289 3206 τοῦ
1309 3160 1377 3209 ante

218 3233 413 3320 Ὀθρυονέως
433 3237 501 3296 edd.
517 3237 582 3296 RV.
603 3247 728 3296 ceterum
749 3237 846 3295 omnia
864 3237 936 3297 baec
956 3239 1024 3298 inde
1044 3241 1080 3297 ab
1101 3235 1162 3299 άπὸ
1183 3235 1217 3298 δέ
1236 3242 1292 3298 τού
1311 3241 1375 3302 Κα-

220 3328 360 3412 βακησός
386 3351 476 3408 usque
501 3332 538 3388 ad
563 3330 648 3389 finem
674 3349 732 3387 non
752 3332 808 3386 iam
829 3330 867 3388 ad
888 3349 1026 3390 cononem
1047 3324 1192 3411 spectent,
1213 3334 1265 3394 sed
1287 3353 1303 3393 e
1324 3355 1375 3393 co-

219 3429 347 3508 piosiooe
373 3423 410 3481 de
434 3422 601 3499 Agathyrsis
628 3423 825 3501 disputatione
849 3426 1007 3484 miserrime
1032 3434 1163 3483 truncata
1185 3437 1264 3497 sunt,
1293 3430 1375 3488 cuius

220 3518 363 3598 opinionis
384 3535 447 3572 curn
468 3516 542 3573 bano
562 3535 677 3574 cansam
697 3515 805 3586 habeo,
827 3516 906 3592 quod
925 3517 980 3574 ista
1000 3537 1063 3574 enm
1085 3519 1243 3578 Herodiani
1264 3540 1375 3581 conone

220 3613 257 3670 de
282 3610 443 3668 nominibus
468 3609 498 3665 in
519 3609 575 3676 ὃῐΓς
600 3610 646 3666 eni
671 3609 781 3685 liquida
805 3609 954 3687 praecedit
974 3609 1169 3668 desinentibus
1189 3613 1267 3670 nulio
1288 3616 1375 3671 modo

219 3703 366 3761 conciliari
390 3710 527 3779 possunt,
557 3709 616 3759 tum
647 3721 715 3786 vero
747 3701 825 3777 quod
855 3702 971 3759 suerunt
1000 3704 1049 3778 qui
1077 3703 1236 3761 Cabossunr
1264 3707 1373 3774 orbern,

220 3795 381 3871 othryonei
404 3793 540 3871 patriam,
570 3793 794 3868 Agathyrsorunr
826 3793 931 3850 dicioni
962 3795 1168 3855 adscriberent.
1208 3796 1247 3855 os.
1273 3797 1373 3856 Scbol.

221 3890 306 3945 Hom.
327 3887 360 3943 11.
381 3891 427 3954 13,
447 3889 514 3942 363.
542 3877 681 3961 Κάβησα
702 3881 736 3942 δέ
754 3877 842 3953 πόλις
857 3879 1083 3962 Ἑλλησπόντου
1096 3928 1119 3944 ..
1139 3884 1168 3946 oi
1188 3884 1222 3947 de*
1240 3889 1374 3948 Καππα·

221 3976 336 4048 δοκίας,
357 3972 385 4035 oi
405 3973 439 4035 δὲ
452 3969 671 4055 Ἀγαθύρσων,
698 3970 740 4046 ὡς
764 3967 848 4052 ἥκειν
873 3975 906 4036 ἐκ
929 3978 985 4055 τῆς
1010 3974 1087 4056 πρὸς
1106 3971 1213 4055 Αἶμον
1234 3976 1372 4065 Θρᾴκης.

220 4073 297 4132 adde
318 4089 391 4147 quae
412 4071 488 4128 inira
507 4071 545 4128 ad
565 4089 591 4127 v.
611 4063 787 4143 Καβασσός
807 4070 884 4127 dicta
904 4081 979 4128 sunt.
1088 4077 1134 4131 12.
1154 4065 1313 4150 Μάκαρος
1332 4079 1373 4146 Μ,

219 4159 392 4239 Μακαρίας
412 4163 506 4232 ARV,
533 4158 686 4239 Μακριάς
709 4159 752 4218 Π.
844 4156 964 4238 ,Πόρος
987 4165 1023 4222 R.
1121 4162 1280 4242 ἐπίκλησιν
1299 4170 1372 4239 PflR,

219 4250 373 4330 ἐπίκλησις
393 4256 428 4323 V,
449 4251 666 4328 ἐπικληθεῖσαν
685 4256 718 4323 Α,
738 4251 955 4332 ἓπικληθιίσης
975 4260 1022 4319 W.
1080 4247 1090 4260 ’
1122 4265 1167 4320 13.
1189 4256 1206 4318 ι’
1222 4260 1371 4338 PpHRV‚

219 4339 333 4426 έννάτιμ
354 4351 386 4404 Α.
459 4342 641 4422 Ἀγαμηδεῖς
661 4357 690 4405 et
710 4345 897 4423 Νικομηδεῖς
916 4351 956 4421 M,
978 4345 1168 4429 Ἀγαμηδεύς
1188 4364 1217 4414 et
1237 4353 1371 4429 Νικομη-

216 4430 290 4506 δεύς
310 4440 344 4508 Β,
357 4433 545 4515 Ἀγαμήδιια
565 4449 593 4496 et
614 4432 805 4516 Νικομηδεια
827 4443 899 4500 libri.
