2880 5064
627 294 700 366 405

174 478 213 538 A
219 468 297 553 άβδ
303 472 416 550 αλον,
436 465 536 558 άκρον
554 479 619 540 τῶν
632 471 835 558 Ἐπιπολῶν,
853 487 1072 567 Συρακουσῶν
1086 482 1237 571 πλησίον.

93 588 297 678 Θονκυδίδης
319 590 404 680 ἕκτῃ.

173 706 393 795 Λαβίνιον,
418 705 523 789 πόλις
548 707 704 794 Ἰταλίας,
730 713 873 784 Αἰνείου
899 717 1029 803 κτίσμα.
1070 716 1180 806 Ἰόβας
1204 721 1239 789 ἐν
1285 807 1286 812 ¹

88 825 222 918 πρώτῳ.
256 824 326 896 ἀπὸ
347 833 407 918 τῆς
427 833 487 896 τοῦ
508 831 675 915 βασιλέως
689 834 857 924 θυγατρὸς
871 835 1054 922 Λαβινίας.
1087 841 1126 909 τὸ
1142 841 1237 910 ἐθνι-

89 949 147 1017 κὸν
169 944 390 1036 Λαβινιάτης.
437 949 590 1036 λέγονται
610 952 667 1020 καί
688 959 911 1024 Λαυινιῶται.
1249 974 1261 1014 ⁵

174 1063 411 1154 Λάβρανδα,
442 1065 535 1157 κῶμη
564 1068 705 1159 Καρίας.
747 1071 906 1162 Στράβων
936 1055 1001 1145 ιδ’.
1033 1076 1072 1144 τὸ
1099 1074 1236 1145 ἐθνικόν

89 1184 332 1275 Λαβρανδηνός
353 1186 409 1254 καὶ
429 1185 649 1277 Λαβράνδιος
670 1189 727 1256 καί
747 1193 979 1281 Λαβρανδεύς.
1050 1243 1051 1248 1

173 1304 386 1392 Λαηαρία,
421 1303 581 1396 φρούριον
612 1307 768 1389 Σικελίας
800 1311 944 1400 πλησίον
977 1313 1145 1404 Θουρίων,
1176 1319 1237 1384 τοῦ

83 1422 221 1494 Ἐπειοῦ
241 1425 298 1492 καί
323 1424 467 1494 Φωκέων
485 1423 615 1512 κτίσμα,
638 1424 684 1510 ῶς
704 1426 872 1518 Στράβων.
911 1429 930 1501 ὁ
953 1432 1092 1523 πολίτης
1113 1443 1235 1522 Λαμα-

87 1541 228 1634 ριτανός,
253 1542 336 1614 ὅθεν
357 1545 414 1621 καὶ
433 1547 672 1636 Λαγαριτανός
693 1542 793 1630 οἶνος.
1247 1581 1273 1622 ιο

171 1661 351 1750 Λάνινα,
378 1663 549 1748 πολίχνιον
570 1665 711 1755 Καρίας.
749 1665 978 1752 Ἀπολλώνιος
999 1678 1156 1760 Καρικῶν
1182 1673 1234 1742 ὲκ-

87 1781 284 1872 καιδεκάτῳ.
318 1785 358 1854 τὸ
377 1785 512 1854 &ovino
527 1793 716 1874 Λαμιναῖος
734 1790 790 1857 καί
805 1788 992 1878 Λαμινίτης
1008 1792 1064 1860 καί
1079 1794 1234 1880 θηλυκῶς
1265 1827 1268 1836 ’

87 1875 276 1994 Λαγυνίτις.
318 1901 389 1972 ἔστι
410 1905 468 1971 καί
486 1904 692 1994 Λαγίνεια
714 1907 890 1990 Βιθυνίας.

172 2021 384 2111 Λάγουσα,
414 2029 513 2112 νῆσος
541 2027 618 2114 περὶ
646 2023 789 2116 Κρήτην.
832 2024 990 2116 Στράβων
1019 2026 1150 2120 δεκάτη.
1193 2031 1233 2099 τὸ

87 2143 224 2214 ἕθνικόν
243 2149 462 2232 Λαγονσαῑος
483 2139 504 2234 ἢ
525 2142 733 2234 Λαμούσιος.
1245 2173 1270 2214 ιε

173 2259 366 2334 Λύδεστα
393 2260 413 2352 ἢ
440 2261 669 2346 Λάδεοπον,
699 2263 761 2348 μία
786 2270 852 2333 τῶν
872 2266 1087 2359 Λιβυρνίδιυν
1112 2267 1230 2360 νήσων.

90 2381 295 2467 Θεόπομπος
317 2381 359 2451 κά
379 2387 613 2453 Φιλιππικῶν.
641 2383 678 2454 τὸ
701 2384 836 2462 ἐθνικόν
851 2386 1083 2469 Λαδεστανός,
1107 2385 1153 2471 ῶς
1173 2394 1232 2479 τῆς
1306 2429 1307 2432 ¹

84 2499 286 2592 Αύγούστας
310 2499 560 2592 Αίηουστανός.

84 2733 284 2748 u——---——

86 2893 114 2946 1.
125 2880 314 2942 Ἐπιπολλῶν
332 2883 368 2948 R,
385 2874 589 2938 Ἐπιπολοιλων
601 2882 634 2948 Α,
652 2873 837 2938 Ἐπιπολίων
850 2883 885 2940 V.
964 2879 1175 2958 Συρακουσῶν
1194 2883 1230 2951 H,

85 2971 307 3055 Συρακουσίων
326 2975 399 3031 libri.
486 2978 513 3031 2.
534 2967 618 3051 ἕκτῃ]
640 2993 665 3030 o.
686 2979 732 3033 97.
811 2979 839 3034 5.
858 2974 1051 3034 Λαυινιιῖται
1071 2977 1106 3046 R,
1126 2971 1229 3048 Λαβι-
1338 3031 1339 3036 ,

84 3064 184 3132 νιάται
206 3069 265 3136 Av,
287 3065 471 3141 Λαβινῶται
491 3069 527 3124 H.
644 3071 671 3124 6.
692 3059 746 3141 ιδ’]
766 3088 796 3146 p.
817 3071 882 3128 659.
989 3063 1024 3128 τὸ
1048 3062 1174 3127 τακτικὸν
1192 3069 1228 3126 R.

85 3173 112 3227 8.
130 3158 262 3228 Ἰταλίας
280 3159 316 3218 B.
336 3158 401 3217 vide
421 3160 495 3216 iufra
517 3160 555 3218 ad
575 3179 600 3218 v.
621 3151 780 3216 Σινόεσσαν.
886 3169 914 3221 9.
934 3155 1065 3233 Ἐπειοῦ]
1087 3162 1145 3230 Qui
1166 3179 1229 3218 eam

86 3264 184 3318 urbem
205 3275 222 3312 a
243 3265 333 3312 matre
353 3254 394 3310 sic
414 3254 576 3310 nominasse
597 3253 716 3310 videtur.
738 3271 763 3308 v.
784 3253 875 3312 schol.
896 3255 970 3310 Vict.
992 3252 1029 3310 ad
1048 3251 1080 3308 11.
1100 3264 1137 3324 ψ,
1158 3253 1228 3309 665:

85 3341 277 3428 στρατεύσας
302 3339 492 3420 (Πανοπεύς)
519 3341 577 3402 σὺν
595 3338 803 3426 Ἀμφιτρύωνι
823 3343 903 3405 κατὰ
927 3341 1103 3423 Τηλεβοίων
1123 3341 1229 3420 (Tole-

84 3442 181 3521 βοῶν)
206 3439 239 3500 ἐκ
263 3441 326 3498 τῶν
349 3440 457 3497 κοινῶν
481 3431 629 3516 λαφύρων
651 3435 807 3519 κεκλοφὼς
839 3432 1038 3518 Ἐλαγάρειαν
1062 3433 1137 3512 ἴσχει
1161 3429 1229 3492 υἱὸν

81 3531 207 3596 Ἐπειόν.
229 3537 276 3592 ubi
295 3534 446 3611 legendum
460 3528 639 3608 Λαγαρίαν.
660 3535 736 3590 urbis
757 3532 839 3591 huius
860 3552 962 3592 nomen
983 3535 1099 3591 restituo
1116 3532 1228 3587 Aristo-

84 3634 133 3692 teli
151 3631 224 3688 Hist.
239 3629 300 3685 mir.
316 3631 385 3686 116:
405 3622 472 3702 περί
493 3619 526 3681 δὲ
546 3625 600 3700 τῆς
617 3619 747 3693 Ἰταλίας
765 3621 821 3702 τὴν
840 3625 1029 3700 καλουμένην
1042 3616 1229 3697 Καλαβρίαν

83 3719 172 3804 ἐγγύς
195 3717 235 3780 τὰ
258 3720 314 3778 τοῦ
336 3714 455 3776 Ἐπειοῦ
481 3713 618 3794 λέγουσιν
642 3709 757 3794 ὄργανα
777 3711 970 3774 ἀνακεῖσθαι.
997 3735 1054 3793 quo
1080 3719 1143 3774 loco
1164 3733 1226 3772 eom

83 3818 200 3876 codices
215 3833 269 3892 pro
281 3808 467 3887 Καλαβρίαν
485 3811 609 3869 habeant
629 3808 658 3867 Γ
656 3806 816 3888 αργαρίαν,
835 3819 964 3888 κραταιάν
984 3821 1029 3868 est
1048 3809 1227 3868 scribendum
1280 3821 1285 3832 ¹

83 3929 148 3970 euoe
167 3901 338 3985 Λαναρίου
358 3904 401 3962 vel
420 3900 617 3980 Λογηαρλον.
696 3895 861 3980 Στράβων]
883 3907 944 3980 6p.
956 3907 1022 3960 263.
1101 3894 1228 3961 11.Λά-

82 4023 151 4082 γινα
170 4003 205 4070 R,
224 3996 363 4076 Λαγινιά
376 4000 416 4064 «Α,
434 3993 562 4074 Λαγνία
581 3998 618 4054 V.
690 3989 891 4061 Ἀπολλώνιος
909 3995 949 4065 Μ,
962 3987 1153 4062 Ἀπόλλωνος
1164 3993 1228 4062 RV,

77 4085 310 4171 Ἀπολλόδωρος
329 4095 362 4149 λ.
388 4090 568 4168 Apollonium
595 4089 721 4166 intelligo
741 4087 1003 4166 Aphrodisiensem,
1024 4090 1103 4146 ouius
1124 4087 1228 4144 Carica

84 4191 190 4268 pasoim
210 4195 412 4245 commemorat
431 4193 536 4242 noeter.
620 4188 665 4242 12.
686 4179 829 4255 θηλυκῶς
849 4182 885 4250 V,
904 4177 1042 4258 θηλυκὸν
1061 4184 1095 4248 R,
1115 4199 1171 4236 om.
1192 4183 1225 4238 Α.

84 4285 132 4342 13.
150 4277 291 4360 Λαγινία
316 4278 351 4335 lt
467 4281 514 4336 11.
534 4269 713 4362 Λάγουσοα
733 4275 769 4332 V.
886 4269 1011 4354 δεκάτῃ]
1032 4295 1062 4353 p.
1082 4274 1149 4332 181.

86 4381 132 4436 15.
152 4371 376 4452 Λαηουσσαῖος
401 4371 436 4428 V.
563 4375 608 4430 16.
631 4361 649 4446 ἢ
676 4364 846 4428 torar-v.
966 4361 1169 4443 Λυβιρνιίλων
1191 4369 1226 4424 R.

85 4474 132 4530 18.
153 4459 322 4544 Αὔγουστον
344 4464 489 4522 Govelius.
