2866 5092
605 245 652 316 45

125 419 283 514 Αλγυς,
316 420 419 502 πόλις
446 429 664 512 Λακωνικῆς,
698 420 742 504 ιίις
771 421 961 513 Εὐφορίων.
1008 421 1040 491 οὶ
1069 424 1207 490 πολῖται

47 543 213 631 Αἰγῦται,
246 539 293 623 ὡς
314 541 523 621 Παυσανίας.
568 539 760 632 Λυκόφρων
787 543 825 610 δὲ
845 541 884 609 τό
906 541 1044 611 έθνικὸν
1064 538 1207 626 Α’ίγυος,

46 666 81 730 τό
103 663 260 752 θηλυκόν
281 661 388 748 λέγων
409 657 516 740 οὕτως
538 659 619 750 ακαί
640 653 750 726 πάντα
771 654 929 746 τλήσεσέδ
950 655 1053 727 οὕνεκ’
1074 655 1208 744 Αἰγίας

50 778 158 861 κυνός,
187 786 249 868 τῆς
275 775 492 866 θηλόπαιδος
514 779 570 844 καί
591 773 766 866 τριάνορος
787 772 921 864 κόρης”.
965 772 983 844 ὁ
1007 774 1106 864 λόγος
1127 779 1205 867 περὶ

1 989 2 1006 η
46 897 176 988 Ἑλένης
190 900 396 985 Λακωνικῆς
416 890 516 983 οίίσης
537 897 594 964 καὶ
617 888 715 983 ίίρρεν
729 893 774 983 μή
790 890 948 982 τεκούσης
964 895 1044 982 [nai]
1063 902 1110 984 τῷ
1128 904 1230 964 δίε-ε

53 1016 157 1105 νελάῳ
179 1017 238 1084 καὶ
255 1011 464 1103 Ἀλεξάνδρῳ
486 1015 542 1084 καί
555 1010 723 1102 Δηιφόβῳ
740 1011 959 1101 γαμηθείσης.
999 1010 1205 1097 Θεόπομπος

1 1128 3 1136 ’
56 1139 87 1205 δέ
106 1133 263 1223 Αίγιιὲας
286 1129 408 1212 αὐτούς
430 1157 542 1221 φησιν.

2 1288 8 1304 ·
132 1249 368 1340 Αίγιόνεια,
403 1249 505 1331 πόλις
534 1252 709 1337 Μηλιέων.
752 1247 947 1340 Λυκόφρων
981 1241 1051 1343 αὦν
1082 1248 1115 1320 ολ
1145 1253 1207 1335 μέν

7 1431 13 1452 ,
58 1369 244 1460 Αλγιόνειαν
267 1364 391 1438 άθλιοι
413 1364 574 1456 πάτραν”.
612 1371 668 1437 καὶ
684 1363 868 1448 Ἑκαταῖος.
901 1364 1033 1450 Ῥιανὸς
1055 1367 1206 1440 ἑκκαιδε-

10 1547 14 1565 ,
59 1487 132 1578 κότῳ
153 1486 316 1576 Αἶγιόνην
338 1485 441 1577 αὐτην
465 1488 564 1574 λέγει.
598 1487 637 1554 τό
661 1484 798 1556 έδνικδν
819 1485 1004 1575 Αίγωιεός.
1219 1519 1245 1556 ιιι

132 1606 367 1694 Αίγωστις,
399 1603 500 1688 πόλις
521 1603 707 1693 Λοκρίδος,
737 1600 759 1694 ἢ
786 1603 892 1685 τόπος
920 1602 941 1694 ἢ
967 1606 1087 1696 χωρίον
1115 1605 1207 1686 έντδς

62 1733 111 1814 της
130 1724 280 1806 πόλεως,
304 1719 350 1804 ὡς
367 1721 629 1814 Ἐπαφρόδιτος.
665 1720 683 1792 ὁ
706 1721 846 1811 πολίτης
866 1722 1089 1811 Αἰγωστίτης.

18 1931 19 1936 ¹
135 1843 351 1935 Αἴδηφος,
375 1839 477 1922 πόλις
502 1839 656 1928 Εὖβοίας.
700 1839 860 1931 Στράβων
881 1840 986 1928 ἐνάτῳ
1016 1848 1146 1935 «κεῖται
1169 1843 1207 1912 δὲ
1300 1879 1305 1894 ·

63 1967 134 2033 κατά
155 1963 326 2055 Αἴδηψον
352 1967 412 2050 τῆς
433 1957 595 2044 Εὐβοίας,
627 1961 715 2030 ὅπου
741 1963 784 2029 τά
813 1960 926 2051 θερμά
953 1961 1076 2049 λουτρά
1100 1957 1206 2050 Ἡρα-

19 2065 23 2156 λ
62 2081 202 2164 τλέους”.
238 2076 279 2171 ἦν
301 2083 339 2150 δέ
360 2082 418 2148 καὶ
438 2082 560 2170 σιδηρᾶ
580 2084 636 2150 καί
656 2086 762 2166 χαλκᾶ
781 2082 933 2166 μέταλλα
947 2080 1031 2148 κατά
1045 2074 1205 2165 Είίβοιαν.
1220 2109 1245 2148 ιε

63 2202 270 2288 Καλλίμαχος
303 2200 450 2293 αδέδαεν
470 2202 509 2270 δέ
535 2199 732 2286 λαχαινέμεν
759 2198 839 2290 ἔργα
867 2195 1045 2288 σιδήρου”.
1089 2197 1124 2268 οἱ
1144 2200 1207 2288 γάρ

19 2379 21 2384 .
63 2319 194 2408 Εόβοεῖς
222 2319 438 2408 σιδηρουργολ
460 2320 547 2408 [καὶ]
568 2322 700 2402 χαλκεῖς
721 2313 866 2409 ίίριστοι.
897 2315 1147 2408 Ἐπαφρόδιτος
1169 2322 1208 2391 δὲ

18 2444 21 2474 ³
61 2444 211 2531 μαρτυρεῖ
236 2435 306 2506 ἐκεῖ
325 2438 448 2522 χαλκόν
470 2442 604 2528 πρῶτον
624 2433 807 2527 εὑρεθῆναι
837 2441 916 2532 κκαλ
938 2445 1067 2528 πρῶτοι
1085 2441 1208 2522 χαλκόν

16 2566 18 2586 '
60 2559 119 2626 ἐκεῖ
148 2553 348 2626 ἕκεδόσαντο
382 2553 416 2624 οἱ
434 2555 613 2648 ’Κούρητες
646 2554 679 2625 ολ
708 2558 793 2641 μετὰ
821 2558 908 2638 Διὸς
940 2555 1116 2638 ἐλθόντες,
1149 2552 1208 2639 οὓς

12 2675 14 2690 ’
59 2676 208 2766 φύλακας
225 2679 287 2762 τῆς
309 2671 412 2764 κη’σου
438 2677 495 2745 καὶ
521 2682 582 2745 τοῦ
610 2674 701 2763 ἱεροῦ
729 2681 788 2765 τῆς
811 2672 903 2755 Ῥέας
925 2675 1117 2745 κατέλιπεν·
1148 2673 1247 2767 άφίο

58 2787 92 2864 οὗ
113 2794 149 2864 ολ
170 2796 357 2874 Χαλκιδεῖς
378 2790 663 2884 ὥνομάσβησαν”.
697 2791 715 2863 ὃ
738 2794 877 2882 πολίτης
891 2790 1082 2886 Αίδήψιος.
1114 2798 1210 2864 Καλ-

58 2895 194 3000 λίμαχος
211 2909 338 3004 Ἑκάλη
363 2909 504 3006 αίίριιιος
522 2911 544 3004 ἢ
563 2911 729 3004 χείρεσσιν
751 2912 835 2982 ἑλιδν
855 2909 1036 3006 Λίδήφιον
1057 2907 1157 3004 ἆορ”.

54 3289 80 3340 1.
101 3277 205 3358 Αἴγυς
225 3280 319 3356 vulgo.
415 3279 605 3358 Λακωνικῆς
624 3279 727 3351 HRV,
750 3272 923 3356 Λακωνική
943 3283 976 3337 Α.
1074 3283 1103 3336 2.
1124 3277 1210 3336 Παυ-

54 3371 177 3447 σανίας]
200 3377 228 3441 3,
248 3377 320 3442 2,·5.
398 3367 596 3454 Λυκόφρων]
619 3395 658 3432 vs.
679 3379 746 3434 850.
823 3370 956 3452 Λίγυος]
977 3372 1116 3430 Similiter
1136 3373 1211 3429 infra

56 3461 249 3543 Πατριίσυος
262 3485 280 3522 a
293 3463 476 3542 ΙΙιίτρασυς.
546 3471 574 3526 5.
594 3459 687 3544 ἄρρεν
700 3469 735 3534 R,
756 3459 869 3545 ἄρρενα
882 3466 945 3523 Av.
1024 3463 1075 3523 καλ
1090 3467 1158 3524 add.
1170 3467 1211 3523 M.

54 3567 81 3616 6.
102 3557 154 3616 καί
174 3551 333 3638 Δηιφόβῳ
353 3560 496 3617 Meursius
517 3560 554 3616 ad
574 3562 645 3634 Lyc.
666 3579 696 3638 p.
712 3561 778 3628 264,
799 3552 950 3639 Μενελάῳ
970 3553 1125 3640 Δηιφόβῳ
1147 3561 1210 3628 RV,

55 3645 212 3729 Δηιφόβῳ
227 3655 261 3709 Α.
338 3647 533 3728 γαμηθείσης
548 3653 703 3727 Μυατείυιι,
720 3652 899 3729 γαμηδεΐσα
912 3654 987 3711 libri.
1066 3656 1094 3710 8.
1106 3647 1212 3710 Λυκό·

56 3746 157 3820 φρωκ]
185 3763 226 3801 τε.
248 3747 315 3804 003.
414 3749 459 3802 11.
482 3738 586 3811 iuris?
681 3749 728 3802 13.
748 3739 893 3820 Αίγηφος
915 3745 1003 3802 PRV.
1101 3737 1211 3824 ε’νάτῳ]

56 3857 84 3914 η.
95 3839 163 3896 125.
244 3838 292 3895 14.
308 3831 457 3912 Αίγηφον
471 3836 534 3894 RV.
613 3833 728 3910 λουτρὰ
750 3857 806 3893 om.
819 3837 934 3896 Strabo.
1014 3843 1060 3896 15.
1082 3833 1211 3913 σιδήρου

57 3925 104 3984 καί
121 3929 244 4004 χαλκοῦ
260 3931 296 3986 Η.
316 3941 346 3986 at
366 3929 441 3985 infra
463 3947 577 4004 quoque
597 3948 620 3988 ε.
633 3949 658 3985 v.
672 3922 787 4005 Ἀλόβη
807 3930 913 4005 legitur
929 3925 1066 4005 μέταλλα
1087 3928 1210 4004 σιδηρᾶ.

58 4027 101 4078 10.
115 4019 227 4078 δέδαεν
247 4019 281 4079 δέ
301 4022 399 4078 Βεαιλ.
414 4023 515 4097 fragm.
528 4024 594 4089 105,
615 4015 742 4078 δαιδάεν
762 4018 795 4078 δέ
810 4024 845 4090 R,
867 4019 994 4080 δαίδαεν
1014 4018 1047 4080 δὲ
1061 4024 1097 4090 V,
1119 4020 1213 4079 δαιδα

58 4111 86 4168 ir
110 4111 143 4170 di
169 4113 219 4181 Π,
255 4107 411 4192 δαιδάλῳ,
444 4110 476 4170 ἓν
502 4111 535 4170 δέ
558 4115 592 4171 Α.
733 4111 912 4189 λαχαινίμεν
937 4116 976 4181 R,
1007 4108 1129 4188 λάχαινε
1158 4110 1215 4188 μίν

59 4207 114 4264 AV.
200 4211 247 4264 17.
268 4204 321 4264 καλ
343 4207 411 4264 add.
432 4209 502 4264 X.¹
558 4211 605 4266 20.
622 4201 709 4274 Ῥέας
727 4207 781 4284 Pp,
802 4197 904 4279 Ἥρας
924 4209 1011 4265 ARV.
1101 4202 1213 4262 κατέλι-

60 4319 106 4356 ιιικ
124 4303 317 4366 Schubarius,
339 4294 500 4356 κατέλιπον
520 4299 593 4356 libri.
691 4303 738 4356 21.
759 4296 912 4375 Λίγίψισς
931 4301 993 4358 RV.
1089 4304 1137 4358 22.
1158 4295 1214 4355 Αί-

58 4385 164 4466 γῇυαοκ
184 4395 250 4452 RV.
