<?xml version="1.0" encoding="UTF-8"?>
<!DOCTYPE html PUBLIC "-//W3C//DTD XHTML 1.0 Transitional//EN"
    "http://www.w3.org/TR/xhtml1/DTD/xhtml1-transitional.dtd">
<html xmlns="http://www.w3.org/1999/xhtml" xml:lang="en" lang="en">
 <head>
  <title>
</title>
<meta http-equiv="Content-Type" content="text/html;charset=utf-8" />
  <meta name='ocr-system' content='tesseract 3.04.00' />
  <meta name='ocr-capabilities' content='ocr_page ocr_carea ocr_par ocr_line ocrx_word'/>
</head>
<body>
  <div class='ocr_page' id='page_1' title='image "./stephanibyzanti00meingoog_0191.png"; bbox 0 0 2888 5084; ppageno 0'>
   <div class='ocr_carea' id='block_1_1' title="bbox 189 223 1373 1213">
    <p class='ocr_par' dir='ltr' id='par_1_1' title="bbox 189 223 1373 1213">
     <span class='ocr_line' id='line_1_1' title="bbox 754 223 829 304; baseline -0.027 0"><span class='ocrx_word' id='word_1_1' title='bbox 754 223 829 304; x_wconf 83' lang='grc'><strong>178</strong></span> 
     </span>
     <span class='ocr_line' id='line_1_2' title="bbox 213 403 1373 508; baseline -0.009 -19"><span class='ocrx_word' id='word_1_2' title='bbox 213 417 407 508; x_wconf 73' lang='grc' dir='ltr'><strong><em>ἐπίγραμμα</em></strong></span> <span class='ocrx_word' id='word_1_3' title='bbox 428 419 489 483; x_wconf 86' lang='grc' dir='ltr'><strong><em>τοῦ</em></strong></span> <span class='ocrx_word' id='word_1_4' title='bbox 511 411 622 492; x_wconf 89' lang='grc' dir='ltr'><strong><em>κίονος</em></strong></span> <span class='ocrx_word' id='word_1_5' title='bbox 642 416 701 498; x_wconf 79' lang='grc' dir='ltr'><strong><em>τῆς</em></strong></span> <span class='ocrx_word' id='word_1_6' title='bbox 723 407 905 501; x_wconf 77' lang='grc' dir='ltr'><strong><em>ἀντιπέραν</em></strong></span> <span class='ocrx_word' id='word_1_7' title='bbox 926 413 986 499; x_wconf 76' lang='grc' dir='ltr'><strong><em>γῆς</em></strong></span> <span class='ocrx_word' id='word_1_8' title='bbox 1006 406 1265 497; x_wconf 85' lang='grc' dir='ltr'><strong><em>Χρυσοπόλεως,</em></strong></span> <span class='ocrx_word' id='word_1_9' title='bbox 1287 411 1322 480; x_wconf 78' lang='grc' dir='ltr'><strong><em>ἐν</em></strong></span> <span class='ocrx_word' id='word_1_10' title='bbox 1344 403 1373 500; x_wconf 78' lang='grc' dir='ltr'><em>ᾦ</em></span> 
     </span>
     <span class='ocr_line' id='line_1_3' title="bbox 212 509 1115 626; baseline -0.013 -20"><span class='ocrx_word' id='word_1_11' title='bbox 212 533 403 626; x_wconf 83' lang='grc' dir='ltr'><strong><em>μαρμαρίνη</em></strong></span> <span class='ocrx_word' id='word_1_12' title='bbox 425 529 570 619; x_wconf 78' lang='grc' dir='ltr'><strong><em>δάμαλις</em></strong></span> <span class='ocrx_word' id='word_1_13' title='bbox 590 529 734 620; x_wconf 80' lang='grc' dir='ltr'><strong><em>ίδρυται,</em></strong></span> <span class='ocrx_word' id='word_1_14' title='bbox 758 527 888 619; x_wconf 79' lang='grc' dir='ltr'><em>φάσκον</em></span> <span class='ocrx_word' id='word_1_15' title='bbox 913 528 1019 610; x_wconf 84' lang='grc' dir='ltr'><strong><em>ούτως</em></strong></span> <span class='ocrx_word' id='word_1_16' title='bbox 1109 509 1115 518; x_wconf 52' lang='grc'>’</span> 
     </span>
     <span class='ocr_line' id='line_1_4' title="bbox 294 643 1148 742; baseline -0.009 -20"><span class='ocrx_word' id='word_1_17' title='bbox 294 649 433 742; x_wconf 82' lang='grc' dir='ltr'><strong><em>Ἰναχίης</em></strong></span> <span class='ocrx_word' id='word_1_18' title='bbox 454 646 515 720; x_wconf 85' lang='grc' dir='ltr'><strong><em>οάκ</em></strong></span> <span class='ocrx_word' id='word_1_19' title='bbox 538 645 606 733; x_wconf 83' lang='grc' dir='ltr'><strong><em>εἶμί</em></strong></span> <span class='ocrx_word' id='word_1_20' title='bbox 625 647 709 734; x_wconf 86' lang='grc' dir='ltr'><strong><em>βοός</em></strong></span> <span class='ocrx_word' id='word_1_21' title='bbox 729 643 846 729; x_wconf 82' lang='grc' dir='ltr'><strong><em>τύπος,</em></strong></span> <span class='ocrx_word' id='word_1_22' title='bbox 875 643 948 716; x_wconf 76' lang='grc' dir='ltr'><strong><em>οὐδ’</em></strong></span> <span class='ocrx_word' id='word_1_23' title='bbox 971 643 1032 716; x_wconf 77' lang='grc' dir='ltr'><strong><em>ἀπ’</em></strong></span> <span class='ocrx_word' id='word_1_24' title='bbox 1057 647 1148 732; x_wconf 74' lang='grc' dir='ltr'><strong><em>ἐμεῖο</em></strong></span> 
     </span>
     <span class='ocr_line' id='line_1_5' title="bbox 341 762 1080 862; baseline -0.009 -23"><span class='ocrx_word' id='word_1_25' title='bbox 341 766 498 862; x_wconf 83' lang='grc' dir='ltr'><strong><em>κλῄζεται</em></strong></span> <span class='ocrx_word' id='word_1_26' title='bbox 520 765 675 838; x_wconf 87' lang='grc' dir='ltr'><strong><em>ἀιτωπδν</em></strong></span> <span class='ocrx_word' id='word_1_27' title='bbox 696 762 897 852; x_wconf 80' lang='grc' dir='ltr'><strong><em>Βοσπόριαι</em></strong></span> <span class='ocrx_word' id='word_1_28' title='bbox 917 767 1080 853; x_wconf 80' lang='grc' dir='ltr'><strong><em>πέλαγος·</em></strong></span> 
     </span>
     <span class='ocr_line' id='line_1_6' title="bbox 189 878 1242 978; baseline -0.004 -24"><span class='ocrx_word' id='word_1_29' title='bbox 189 916 201 954; x_wconf 81' lang='grc' dir='ltr'><strong><em>ι</em></strong></span> <span class='ocrx_word' id='word_1_30' title='bbox 299 890 407 978; x_wconf 87' lang='grc' dir='ltr'><strong><em>κείνην</em></strong></span> <span class='ocrx_word' id='word_1_31' title='bbox 427 888 489 978; x_wconf 80' lang='grc' dir='ltr'><strong><em>γάρ</em></strong></span> <span class='ocrx_word' id='word_1_32' title='bbox 512 887 551 955; x_wconf 89' lang='grc' dir='ltr'><strong><em>τό</em></strong></span> <span class='ocrx_word' id='word_1_33' title='bbox 575 882 728 973; x_wconf 70' lang='grc' dir='ltr'><strong><em>πάροιθε</em></strong></span> <span class='ocrx_word' id='word_1_34' title='bbox 740 885 853 972; x_wconf 74' lang='grc' dir='ltr'><strong><em>,βαρύς</em></strong></span> <span class='ocrx_word' id='word_1_35' title='bbox 871 882 972 968; x_wconf 82' lang='grc' dir='ltr'><strong><em>χόλος</em></strong></span> <span class='ocrx_word' id='word_1_36' title='bbox 993 878 1115 972; x_wconf 78' lang='grc' dir='ltr'><strong><em>ἤλασεν</em></strong></span> <span class='ocrx_word' id='word_1_37' title='bbox 1134 883 1242 973; x_wconf 78' lang='grc' dir='ltr'><strong><em>Ἥρης</em></strong></span> 
     </span>
     <span class='ocr_line' id='line_1_7' title="bbox 344 985 1173 1095; baseline -0.011 -18"><span class='ocrx_word' id='word_1_38' title='bbox 344 1009 379 1088; x_wconf 77' lang='grc' dir='ltr'><strong><em>ἐς</em></strong></span> <span class='ocrx_word' id='word_1_39' title='bbox 403 1003 531 1095; x_wconf 78' lang='grc' dir='ltr'><strong><em>Φόρου·</em></strong></span> <span class='ocrx_word' id='word_1_40' title='bbox 561 985 622 1092; x_wconf 76' lang='grc' dir='ltr'><strong><em>ἥδε</em></strong></span> <span class='ocrx_word' id='word_1_41' title='bbox 644 999 678 1070; x_wconf 83' lang='grc' dir='ltr'><strong><em>δ’</em></strong></span> <span class='ocrx_word' id='word_1_42' title='bbox 701 1003 766 1091; x_wconf 76' lang='grc' dir='ltr'><strong><em>ἐγώ</em></strong></span> <span class='ocrx_word' id='word_1_43' title='bbox 788 1002 957 1092; x_wconf 86' lang='grc' dir='ltr'><strong><em>Κεκροπίς</em></strong></span> <span class='ocrx_word' id='word_1_44' title='bbox 978 1000 1048 1085; x_wconf 81' lang='grc' dir='ltr'><strong><em>εἶμι</em></strong></span> <span class='ocrx_word' id='word_1_45' title='bbox 1068 1002 1173 1081; x_wconf 86' lang='grc' dir='ltr'><strong><em>νίκυς.</em></strong></span> 
     </span>
     <span class='ocr_line' id='line_1_8' title="bbox 301 1116 1298 1213; baseline -0.007 -18"><span class='ocrx_word' id='word_1_46' title='bbox 301 1123 426 1206; x_wconf 78' lang='grc' dir='ltr'><strong><em>εὐνέτις</em></strong></span> <span class='ocrx_word' id='word_1_47' title='bbox 447 1117 488 1213; x_wconf 79' lang='grc' dir='ltr'><strong><em>ἦν</em></strong></span> <span class='ocrx_word' id='word_1_48' title='bbox 508 1123 547 1192; x_wconf 77' lang='grc' dir='ltr'><strong><em>δὲ</em></strong></span> <span class='ocrx_word' id='word_1_49' title='bbox 569 1116 739 1210; x_wconf 73' lang='grc' dir='ltr'><strong><em>Χάρητος·</em></strong></span> <span class='ocrx_word' id='word_1_50' title='bbox 769 1118 882 1189; x_wconf 74' lang='grc' dir='ltr'><strong><em>ἔπλεον</em></strong></span> <span class='ocrx_word' id='word_1_51' title='bbox 903 1118 936 1188; x_wconf 80' lang='grc' dir='ltr'><strong><em>δ’</em></strong></span> <span class='ocrx_word' id='word_1_52' title='bbox 961 1119 1017 1188; x_wconf 80' lang='grc' dir='ltr'><strong><em>ὅτε</em></strong></span> <span class='ocrx_word' id='word_1_53' title='bbox 1039 1124 1151 1188; x_wconf 84' lang='grc' dir='ltr'><strong><em>πλώεν</em></strong></span> <span class='ocrx_word' id='word_1_54' title='bbox 1174 1121 1298 1201; x_wconf 77' lang='grc' dir='ltr'><strong><em>ἐκεῖνος</em></strong></span> 
     </span>
    </p>
   </div>
   <div class='ocr_carea' id='block_1_2' title="bbox 340 1235 1058 1334">
    <p class='ocr_par' dir='ltr' id='par_1_2' title="bbox 340 1235 1058 1334">
     <span class='ocr_line' id='line_1_9' title="bbox 340 1235 1058 1334; baseline -0.007 -23"><span class='ocrx_word' id='word_1_55' title='bbox 340 1245 421 1334; x_wconf 82' lang='grc' dir='ltr'><strong><em>τῇδε</em></strong></span> <span class='ocrx_word' id='word_1_56' title='bbox 447 1237 663 1309; x_wconf 81' lang='grc' dir='ltr'><strong><em>Φιλιππείων</em></strong></span> <span class='ocrx_word' id='word_1_57' title='bbox 685 1235 869 1322; x_wconf 79' lang='grc' dir='ltr'><strong><em>ἀντίπαλος</em></strong></span> <span class='ocrx_word' id='word_1_58' title='bbox 890 1239 1058 1330; x_wconf 83' lang='grc' dir='ltr'><strong><em>σκαφέιυν.</em></strong></span> 
     </span>
    </p>
   </div>
   <div class='ocr_carea' id='block_1_3' title="bbox 171 1355 1371 2637">
    <p class='ocr_par' dir='ltr' id='par_1_3' title="bbox 185 1355 1127 1448">
     <span class='ocr_line' id='line_1_10' title="bbox 185 1355 1127 1448; baseline -0.01 -15"><span class='ocrx_word' id='word_1_59' title='bbox 185 1385 188 1392; x_wconf 79' lang='grc'><em>’</em></span> <span class='ocrx_word' id='word_1_60' title='bbox 298 1361 461 1433; x_wconf 88' lang='grc' dir='ltr'><strong><em>Βοιίδιον</em></strong></span> <span class='ocrx_word' id='word_1_61' title='bbox 482 1362 521 1430; x_wconf 77' lang='grc' dir='ltr'><strong><em>δὲ</em></strong></span> <span class='ocrx_word' id='word_1_62' title='bbox 542 1356 710 1445; x_wconf 85' lang='grc' dir='ltr'><strong><em>καλεόμαν</em></strong></span> <span class='ocrx_word' id='word_1_63' title='bbox 731 1359 807 1448; x_wconf 74' lang='grc' dir='ltr'><strong><em>ἐγώ,</em></strong></span> <span class='ocrx_word' id='word_1_64' title='bbox 833 1363 889 1427; x_wconf 82' lang='grc' dir='ltr'><strong><em>νῦν</em></strong></span> <span class='ocrx_word' id='word_1_65' title='bbox 911 1359 949 1428; x_wconf 76' lang='grc' dir='ltr'><strong><em>δὲ</em></strong></span> <span class='ocrx_word' id='word_1_66' title='bbox 970 1355 1127 1446; x_wconf 84' lang='grc' dir='ltr'><strong><em>Χάρητος</em></strong></span> 
     </span>
    </p>

    <p class='ocr_par' dir='ltr' id='par_1_4' title="bbox 174 1472 1371 2044">
     <span class='ocr_line' id='line_1_11' title="bbox 174 1472 1091 1569; baseline -0.014 -13"><span class='ocrx_word' id='word_1_67' title='bbox 174 1519 200 1557; x_wconf 85' lang='grc' dir='ltr'><strong><em>ιο</em></strong></span> <span class='ocrx_word' id='word_1_68' title='bbox 341 1477 481 1562; x_wconf 73' lang='grc' dir='ltr'><strong><em>εὐνέτις,</em></strong></span> <span class='ocrx_word' id='word_1_69' title='bbox 503 1474 660 1569; x_wconf 75' lang='grc' dir='ltr'><strong><em>ἠπείροις</em></strong></span> <span class='ocrx_word' id='word_1_70' title='bbox 680 1478 849 1567; x_wconf 81' lang='grc' dir='ltr'><strong><em>τέρπομαι</em></strong></span> <span class='ocrx_word' id='word_1_71' title='bbox 870 1472 1091 1566; x_wconf 84' lang='grc' dir='ltr'><strong><em>ἀμφοτέραις.</em></strong></span> 
     </span>
     <span class='ocr_line' id='line_1_12' title="bbox 212 1588 1371 1689; baseline -0.003 -24"><span class='ocrx_word' id='word_1_72' title='bbox 212 1593 232 1666; x_wconf 88' lang='grc' dir='ltr'><strong><em>ό</em></strong></span> <span class='ocrx_word' id='word_1_73' title='bbox 260 1599 299 1668; x_wconf 76' lang='grc' dir='ltr'><strong><em>δὲ</em></strong></span> <span class='ocrx_word' id='word_1_74' title='bbox 327 1596 443 1689; x_wconf 82' lang='grc' dir='ltr'><strong><em>Χόρης</em></strong></span> <span class='ocrx_word' id='word_1_75' title='bbox 472 1596 597 1676; x_wconf 79' lang='grc' dir='ltr'><strong><em>ἐκεῖνος</em></strong></span> <span class='ocrx_word' id='word_1_76' title='bbox 624 1588 666 1687; x_wconf 79' lang='grc' dir='ltr'><strong><em>ἦν</em></strong></span> <span class='ocrx_word' id='word_1_77' title='bbox 694 1595 875 1686; x_wconf 81' lang='grc' dir='ltr'><strong><em>στρατηγός</em></strong></span> <span class='ocrx_word' id='word_1_78' title='bbox 896 1592 1116 1685; x_wconf 71' lang='grc' dir='ltr'><strong><em>Ἀθηναίων]</em></strong></span> <span class='ocrx_word' id='word_1_79' title='bbox 1151 1593 1283 1681; x_wconf 78' lang='grc' dir='ltr'><strong><em>λέγεται</em></strong></span> <span class='ocrx_word' id='word_1_80' title='bbox 1314 1594 1371 1662; x_wconf 85' lang='grc' dir='ltr'><strong><em>καὶ</em></strong></span> 
     </span>
     <span class='ocr_line' id='line_1_13' title="bbox 211 1703 1370 1806; baseline -0.006 -20"><span class='ocrx_word' id='word_1_81' title='bbox 211 1714 412 1806; x_wconf 89' lang='grc' dir='ltr'><strong><em>Βυσπόρισν</em></strong></span> <span class='ocrx_word' id='word_1_82' title='bbox 433 1722 495 1785; x_wconf 85' lang='grc' dir='ltr'><strong><em>τού</em></strong></span> <span class='ocrx_word' id='word_1_83' title='bbox 515 1703 705 1798; x_wconf 86' lang='grc' dir='ltr'><strong><em>Βυζαντίου</em></strong></span> <span class='ocrx_word' id='word_1_84' title='bbox 727 1711 842 1804; x_wconf 82' lang='grc' dir='ltr'><strong><em>λιμήν·</em></strong></span> <span class='ocrx_word' id='word_1_85' title='bbox 869 1712 902 1781; x_wconf 79' lang='lat' dir='ltr'><strong><em>oi</em></strong></span> <span class='ocrx_word' id='word_1_86' title='bbox 924 1715 962 1783; x_wconf 78' lang='grc' dir='ltr'><strong><em>δὲ</em></strong></span> <span class='ocrx_word' id='word_1_87' title='bbox 984 1712 1139 1802; x_wconf 76' lang='grc' dir='ltr'><strong><em>ἐγχώριοι</em></strong></span> <span class='ocrx_word' id='word_1_88' title='bbox 1164 1708 1370 1802; x_wconf 82' lang='grc' dir='ltr'><strong><em>Φωσφόριον</em></strong></span> 
     </span>
     <span class='ocr_line' id='line_1_14' title="bbox 187 1829 1369 1925; baseline -0.003 -21"><span class='ocrx_word' id='word_1_89' title='bbox 187 1832 293 1904; x_wconf 59' lang='grc' dir='ltr'><strong><em>’ναάτό</em></strong></span> <span class='ocrx_word' id='word_1_90' title='bbox 315 1838 458 1904; x_wconf 81' lang='grc' dir='ltr'><strong><em>καλοῦσι</em></strong></span> <span class='ocrx_word' id='word_1_91' title='bbox 479 1831 863 1925; x_wconf 77' lang='grc' dir='ltr'><strong><em>παραγραμματίζσντες,</em></strong></span> <span class='ocrx_word' id='word_1_92' title='bbox 887 1831 971 1901; x_wconf 71' lang='grc' dir='ltr'><strong><em>ὅθεν</em></strong></span> <span class='ocrx_word' id='word_1_93' title='bbox 992 1830 1025 1902; x_wconf 85' lang='grc' dir='ltr'><strong><em>σί</em></strong></span> <span class='ocrx_word' id='word_1_94' title='bbox 1046 1833 1088 1902; x_wconf 89' lang='grc' dir='ltr'><strong><em>τά</em></strong></span> <span class='ocrx_word' id='word_1_95' title='bbox 1110 1829 1238 1918; x_wconf 87' lang='grc' dir='ltr'><strong><em>πάτρια</em></strong></span> <span class='ocrx_word' id='word_1_96' title='bbox 1253 1857 1369 1920; x_wconf 76' lang='grc' dir='ltr'><strong><em>συγγε-</em></strong></span> 
     </span>
     <span class='ocr_line' id='line_1_15' title="bbox 210 1946 1368 2044; baseline -0.003 -22"><span class='ocrx_word' id='word_1_97' title='bbox 210 1951 377 2044; x_wconf 74' lang='grc' dir='ltr'><strong><em>γραφότες</em></strong></span> <span class='ocrx_word' id='word_1_98' title='bbox 403 1957 465 2022; x_wconf 82' lang='grc' dir='ltr'><strong><em>τοῦ</em></strong></span> <span class='ocrx_word' id='word_1_99' title='bbox 486 1950 677 2035; x_wconf 80' lang='grc' dir='ltr'><strong><em>Βυζαντίου</em></strong></span> <span class='ocrx_word' id='word_1_100' title='bbox 703 1946 806 2040; x_wconf 80' lang='grc' dir='ltr'><strong><em>ἀλλην</em></strong></span> <span class='ocrx_word' id='word_1_101' title='bbox 830 1951 1028 2020; x_wconf 76' lang='grc' dir='ltr'><strong><em>ἐπιτιθέασι</em></strong></span> <span class='ocrx_word' id='word_1_102' title='bbox 1048 1950 1198 2040; x_wconf 72' lang='grc' dir='ltr'><strong><em>μυθικήν</em></strong></span> <span class='ocrx_word' id='word_1_103' title='bbox 1220 1947 1368 2039; x_wconf 72' lang='grc' dir='ltr'><strong><em>ἱστορίαν</em></strong></span> 
     </span>
    </p>

    <p class='ocr_par' dir='ltr' id='par_1_5' title="bbox 171 2067 1369 2637">
     <span class='ocr_line' id='line_1_16' title="bbox 171 2067 1369 2160; baseline -0.006 -15"><span class='ocrx_word' id='word_1_104' title='bbox 171 2069 265 2145; x_wconf 78' lang='grc' dir='ltr'><strong><em>πότι</em></strong></span> <span class='ocrx_word' id='word_1_105' title='bbox 296 2069 474 2140; x_wconf 85' lang='grc' dir='ltr'><strong><em>Φιλίππου</em></strong></span> <span class='ocrx_word' id='word_1_106' title='bbox 501 2075 562 2139; x_wconf 85' lang='grc' dir='ltr'><strong><em>τοῦ</em></strong></span> <span class='ocrx_word' id='word_1_107' title='bbox 589 2069 793 2152; x_wconf 85' lang='grc' dir='ltr'><strong><em>Μακεδόνος</em></strong></span> <span class='ocrx_word' id='word_1_108' title='bbox 822 2071 862 2139; x_wconf 90' lang='grc' dir='ltr'><strong><em>τό</em></strong></span> <span class='ocrx_word' id='word_1_109' title='bbox 894 2067 1079 2154; x_wconf 81' lang='grc' dir='ltr'><strong><em>Βυζάντιον</em></strong></span> <span class='ocrx_word' id='word_1_110' title='bbox 1107 2072 1369 2160; x_wconf 81' lang='grc' dir='ltr'><strong><em>πολιορκοῦντος</em></strong></span> 
     </span>
     <span class='ocr_line' id='line_1_17' title="bbox 211 2185 1367 2280; baseline -0.001 -23"><span class='ocrx_word' id='word_1_111' title='bbox 211 2189 296 2278; x_wconf 84' lang='grc' dir='ltr'><strong><em>[καί]</em></strong></span> <span class='ocrx_word' id='word_1_112' title='bbox 317 2186 534 2280; x_wconf 86' lang='grc' dir='ltr'><strong><em>διορύξαντος</em></strong></span> <span class='ocrx_word' id='word_1_113' title='bbox 555 2191 640 2258; x_wconf 85' lang='grc' dir='ltr'><strong><em>κατὰ</em></strong></span> <span class='ocrx_word' id='word_1_114' title='bbox 662 2191 722 2280; x_wconf 77' lang='grc' dir='ltr'><strong><em>τὴν</em></strong></span> <span class='ocrx_word' id='word_1_115' title='bbox 740 2189 940 2278; x_wconf 87' lang='grc' dir='ltr'><strong><em>πολιορκίαν</em></strong></span> <span class='ocrx_word' id='word_1_116' title='bbox 956 2188 1090 2258; x_wconf 77' lang='grc' dir='ltr'><strong><em>εἴσοδον</em></strong></span> <span class='ocrx_word' id='word_1_117' title='bbox 1104 2186 1259 2279; x_wconf 85' lang='grc' dir='ltr'><strong><em>κρυπτήυ,</em></strong></span> <span class='ocrx_word' id='word_1_118' title='bbox 1283 2185 1367 2258; x_wconf 78' lang='grc' dir='ltr'><strong><em>ὅθεν</em></strong></span> 
     </span>
     <span class='ocr_line' id='line_1_18' title="bbox 209 2301 1365 2399; baseline 0.003 -25"><span class='ocrx_word' id='word_1_119' title='bbox 209 2302 349 2397; x_wconf 80' lang='grc' dir='ltr'><strong><em>ἀφανῶς</em></strong></span> <span class='ocrx_word' id='word_1_120' title='bbox 378 2305 412 2376; x_wconf 79' lang='grc' dir='ltr'><strong><em>ολ</em></strong></span> <span class='ocrx_word' id='word_1_121' title='bbox 441 2303 632 2397; x_wconf 83' lang='grc' dir='ltr'><strong><em>ὀρύττοντες</em></strong></span> <span class='ocrx_word' id='word_1_122' title='bbox 662 2301 808 2399; x_wconf 75' lang='grc' dir='ltr'><strong><em>ἤμελλον</em></strong></span> <span class='ocrx_word' id='word_1_123' title='bbox 834 2314 895 2377; x_wconf 87' lang='grc' dir='ltr'><strong><em>τού</em></strong></span> <span class='ocrx_word' id='word_1_124' title='bbox 923 2304 1108 2399; x_wconf 80' lang='grc' dir='ltr'><strong><em>ὀρύγματος</em></strong></span> <span class='ocrx_word' id='word_1_125' title='bbox 1134 2303 1314 2391; x_wconf 74' lang='grc' dir='ltr'><strong><em>ἀναδύνει,</em></strong></span> <span class='ocrx_word' id='word_1_126' title='bbox 1346 2304 1365 2398; x_wconf 75' lang='grc' dir='ltr'><strong><em>ἡ</em></strong></span> 
     </span>
     <span class='ocr_line' id='line_1_19' title="bbox 203 2420 1367 2518; baseline 0.002 -24"><span class='ocrx_word' id='word_1_127' title='bbox 203 2421 323 2515; x_wconf 82' lang='grc' dir='ltr'><strong><em>Ἕκάτη</em></strong></span> <span class='ocrx_word' id='word_1_128' title='bbox 351 2422 534 2518; x_wconf 82' lang='grc' dir='ltr'><strong><em>φωσφόρος</em></strong></span> <span class='ocrx_word' id='word_1_129' title='bbox 561 2420 646 2496; x_wconf 82' lang='grc' dir='ltr'><strong><em>οὖσα</em></strong></span> <span class='ocrx_word' id='word_1_130' title='bbox 675 2430 783 2518; x_wconf 79' lang='grc' dir='ltr'><strong><em>δᾷδας</em></strong></span> <span class='ocrx_word' id='word_1_131' title='bbox 809 2425 949 2516; x_wconf 78' lang='grc' dir='ltr'><strong><em>ἐποίησε</em></strong></span> <span class='ocrx_word' id='word_1_132' title='bbox 970 2424 1095 2516; x_wconf 80' lang='grc' dir='ltr'><strong><em>νύκτωρ</em></strong></span> <span class='ocrx_word' id='word_1_133' title='bbox 1115 2433 1187 2508; x_wconf 89' lang='grc' dir='ltr'><strong><em>τοῖς</em></strong></span> <span class='ocrx_word' id='word_1_134' title='bbox 1207 2426 1367 2508; x_wconf 86' lang='grc' dir='ltr'><strong><em>πολίταις</em></strong></span> 
     </span>
     <span class='ocr_line' id='line_1_20' title="bbox 207 2542 1365 2637; baseline 0.002 -23"><span class='ocrx_word' id='word_1_135' title='bbox 207 2548 372 2635; x_wconf 80' lang='grc' dir='ltr'><strong><em>φανῆναι,</em></strong></span> <span class='ocrx_word' id='word_1_136' title='bbox 405 2546 463 2614; x_wconf 87' lang='grc' dir='ltr'><strong><em>καὶ</em></strong></span> <span class='ocrx_word' id='word_1_137' title='bbox 491 2545 552 2635; x_wconf 76' lang='grc' dir='ltr'><strong><em>τήν</em></strong></span> <span class='ocrx_word' id='word_1_138' title='bbox 582 2542 783 2635; x_wconf 83' lang='grc' dir='ltr'><strong><em>πολιορκίαν</em></strong></span> <span class='ocrx_word' id='word_1_139' title='bbox 816 2544 929 2634; x_wconf 70' lang='grc' dir='ltr'><strong><em>[οὕτω]</em></strong></span> <span class='ocrx_word' id='word_1_140' title='bbox 966 2543 1126 2636; x_wconf 82' lang='grc' dir='ltr'><strong><em>φυγόντες</em></strong></span> <span class='ocrx_word' id='word_1_141' title='bbox 1161 2544 1365 2637; x_wconf 82' lang='grc' dir='ltr'><strong><em>Φωσφόριον</em></strong></span> 
     </span>
    </p>
   </div>
   <div class='ocr_carea' id='block_1_4' title="bbox 111 2808 1364 4276">
    <p class='ocr_par' dir='ltr' id='par_1_6' title="bbox 111 2808 1364 4092">
     <span class='ocr_line' id='line_1_21' title="bbox 206 2808 1364 2890; baseline -0.002 -20"><span class='ocrx_word' id='word_1_142' title='bbox 206 2817 234 2870; x_wconf 98' lang='grc'><strong>1.</strong></span> <span class='ocrx_word' id='word_1_143' title='bbox 255 2808 445 2890; x_wconf 73' lang='grc' dir='ltr'><strong><em>ἐπίγραμμα]</em></strong></span> <span class='ocrx_word' id='word_1_144' title='bbox 467 2811 552 2870; x_wconf 82' lang='lat' dir='ltr'><strong>Anth.</strong></span> <span class='ocrx_word' id='word_1_145' title='bbox 571 2812 635 2869; x_wconf 87' lang='lat' dir='ltr'><strong>Pal.</strong></span> <span class='ocrx_word' id='word_1_146' title='bbox 655 2816 684 2880; x_wconf 85' lang='lat'><strong><em>7,</em></strong></span> <span class='ocrx_word' id='word_1_147' title='bbox 704 2817 770 2873; x_wconf 82' lang='grc'><strong>169.</strong></span> <span class='ocrx_word' id='word_1_148' title='bbox 854 2818 881 2872; x_wconf 90' lang='grc'><strong><em>9.</em></strong></span> <span class='ocrx_word' id='word_1_149' title='bbox 904 2809 1043 2871; x_wconf 86' lang='grc' dir='ltr'><strong><em>Βοιίδιον</em></strong></span> <span class='ocrx_word' id='word_1_150' title='bbox 1060 2812 1218 2883; x_wconf 67' lang='lat' dir='ltr'><strong>latomias,</strong></span> <span class='ocrx_word' id='word_1_151' title='bbox 1238 2810 1364 2872; x_wconf 83' lang='grc' dir='ltr'><strong><em>,Βοίδιον</em></strong></span> 
     </span>
     <span class='ocr_line' id='line_1_22' title="bbox 207 2896 1362 2982; baseline 0.002 -22"><span class='ocrx_word' id='word_1_152' title='bbox 207 2903 282 2961; x_wconf 82' lang='lat' dir='ltr'><strong>libri.</strong></span> <span class='ocrx_word' id='word_1_153' title='bbox 379 2896 535 2978; x_wconf 85' lang='grc' dir='ltr'><strong><em>καλεύμαν</em></strong></span> <span class='ocrx_word' id='word_1_154' title='bbox 554 2899 613 2980; x_wconf 69' lang='grc' dir='ltr'><strong><em>ἐγώ</em></strong></span> <span class='ocrx_word' id='word_1_155' title='bbox 633 2903 688 2960; x_wconf 82' lang='grc' dir='ltr'><strong><em>νύν</em></strong></span> <span class='ocrx_word' id='word_1_156' title='bbox 708 2905 784 2974; x_wconf 82' lang='lat' dir='ltr'><strong>libri,</strong></span> <span class='ocrx_word' id='word_1_157' title='bbox 808 2905 965 2981; x_wconf 83' lang='grc' dir='ltr'><strong><em>καλεῦμοιν</em></strong></span> <span class='ocrx_word' id='word_1_158' title='bbox 984 2901 1042 2982; x_wconf 76' lang='grc' dir='ltr'><strong><em>ἐγώ</em></strong></span> <span class='ocrx_word' id='word_1_159' title='bbox 1062 2900 1130 2964; x_wconf 83' lang='grc' dir='ltr'><strong><em>τότε</em></strong></span> <span class='ocrx_word' id='word_1_160' title='bbox 1151 2907 1204 2962; x_wconf 83' lang='grc' dir='ltr'><strong><em>νῦν</em></strong></span> <span class='ocrx_word' id='word_1_161' title='bbox 1222 2906 1362 2964; x_wconf 79' lang='lat' dir='ltr'><strong>Antltolo-</strong></span> 
     </span>
     <span class='ocr_line' id='line_1_23' title="bbox 207 2987 1361 3078; baseline 0.002 -24"><span class='ocrx_word' id='word_1_162' title='bbox 207 2999 272 3073; x_wconf 85' lang='lat' dir='ltr'><strong>giae</strong></span> <span class='ocrx_word' id='word_1_163' title='bbox 292 2995 442 3064; x_wconf 59' lang='lat' dir='ltr'><strong>contat,</strong></span> <span class='ocrx_word' id='word_1_164' title='bbox 462 2987 616 3070; x_wconf 70' lang='grc' dir='ltr'><strong><em>καλεοίμην</em></strong></span> <span class='ocrx_word' id='word_1_165' title='bbox 637 2989 809 3073; x_wconf 80' lang='grc' dir='ltr'><strong><em>(καλεόμαν</em></strong></span> <span class='ocrx_word' id='word_1_166' title='bbox 829 2999 894 3056; x_wconf 83' lang='lat' dir='ltr'>cod.</span> <span class='ocrx_word' id='word_1_167' title='bbox 910 3000 949 3070; x_wconf 79' lang='lat' dir='ltr'><strong><em>A)</em></strong></span> <span class='ocrx_word' id='word_1_168' title='bbox 970 2991 1038 3056; x_wconf 88' lang='grc' dir='ltr'><strong><em>τότε</em></strong></span> <span class='ocrx_word' id='word_1_169' title='bbox 1058 2994 1116 3078; x_wconf 71' lang='grc' dir='ltr'><strong><em>ἐγώ</em></strong></span> <span class='ocrx_word' id='word_1_170' title='bbox 1136 3000 1192 3056; x_wconf 84' lang='grc' dir='ltr'><strong><em>νῦν</em></strong></span> <span class='ocrx_word' id='word_1_171' title='bbox 1209 2999 1316 3057; x_wconf 82' lang='lat' dir='ltr'><strong>Suidas</strong></span> <span class='ocrx_word' id='word_1_172' title='bbox 1337 3019 1361 3056; x_wconf 89' lang='lat' dir='ltr'><strong><em>s.</em></strong></span> 
     </span>
     <span class='ocr_line' id='line_1_24' title="bbox 111 3079 1363 3170; baseline 0.004 -26"><span class='ocrx_word' id='word_1_173' title='bbox 111 3097 116 3102; x_wconf 89' lang='lat'>&#39;</span> <span class='ocrx_word' id='word_1_174' title='bbox 205 3084 333 3162; x_wconf 80' lang='grc' dir='ltr'><strong><em>βοίδιον.</em></strong></span> <span class='ocrx_word' id='word_1_175' title='bbox 352 3087 499 3146; x_wconf 81' lang='lat' dir='ltr'><strong>lacnbsiua</strong></span> <span class='ocrx_word' id='word_1_176' title='bbox 519 3079 643 3160; x_wconf 84' lang='grc' dir='ltr'><strong><em>καλεῦμ’</em></strong></span> <span class='ocrx_word' id='word_1_177' title='bbox 665 3082 723 3163; x_wconf 70' lang='grc' dir='ltr'><strong><em>ἐγώ</em></strong></span> <span class='ocrx_word' id='word_1_178' title='bbox 743 3081 785 3157; x_wconf 81' lang='grc' dir='ltr'><strong><em>ὡς</em></strong></span> <span class='ocrx_word' id='word_1_179' title='bbox 805 3081 872 3148; x_wconf 82' lang='grc' dir='ltr'><strong><em>τότε</em></strong></span> <span class='ocrx_word' id='word_1_180' title='bbox 894 3092 957 3149; x_wconf 83' lang='grc' dir='ltr'><strong><em>νῦν.</em></strong></span> <span class='ocrx_word' id='word_1_181' title='bbox 1045 3097 1171 3170; x_wconf 86' lang='lat' dir='ltr'><strong>11.p0st</strong></span> <span class='ocrx_word' id='word_1_182' title='bbox 1190 3085 1363 3169; x_wconf 78' lang='grc' dir='ltr'><strong><em>στρατηγός</em></strong></span> 
     </span>
     <span class='ocr_line' id='line_1_25' title="bbox 199 3174 1360 3264; baseline 0.003 -27"><span class='ocrx_word' id='word_1_183' title='bbox 199 3174 376 3256; x_wconf 75' lang='grc' dir='ltr'><strong><em>Ἀθηναίων</em></strong></span> <span class='ocrx_word' id='word_1_184' title='bbox 400 3181 472 3240; x_wconf 85' lang='lat' dir='ltr'><strong>haec</strong></span> <span class='ocrx_word' id='word_1_185' title='bbox 492 3181 574 3260; x_wconf 89' lang='lat' dir='ltr'><strong>ponit</strong></span> <span class='ocrx_word' id='word_1_186' title='bbox 596 3181 634 3238; x_wconf 91' lang='lat' dir='ltr'><strong><em>C:</em></strong></span> <span class='ocrx_word' id='word_1_187' title='bbox 661 3175 690 3237; x_wconf 85' lang='grc' dir='ltr'><strong><em>σί</em></strong></span> <span class='ocrx_word' id='word_1_188' title='bbox 710 3175 744 3238; x_wconf 73' lang='grc' dir='ltr'><strong><em>δὲ</em></strong></span> <span class='ocrx_word' id='word_1_189' title='bbox 763 3175 902 3259; x_wconf 71' lang='grc' dir='ltr'><strong><em>ἐγχώριοι</em></strong></span> <span class='ocrx_word' id='word_1_190' title='bbox 926 3177 1116 3264; x_wconf 74' lang='grc' dir='ltr'><strong><em>Θωσφόριον</em></strong></span> <span class='ocrx_word' id='word_1_191' title='bbox 1135 3177 1211 3242; x_wconf 85' lang='grc' dir='ltr'><strong><em>αύτό</em></strong></span> <span class='ocrx_word' id='word_1_192' title='bbox 1233 3184 1360 3241; x_wconf 83' lang='grc' dir='ltr'><strong><em>καλοῦσι</em></strong></span> 
     </span>
     <span class='ocr_line' id='line_1_26' title="bbox 204 3267 1360 3355; baseline 0.001 -23"><span class='ocrx_word' id='word_1_193' title='bbox 204 3267 297 3332; x_wconf 86' lang='grc' dir='ltr'><strong><em>-τό</em></strong></span> <span class='ocrx_word' id='word_1_194' title='bbox 318 3267 489 3346; x_wconf 87' lang='grc' dir='ltr'><strong><em>Βυζάντιον</em></strong></span> <span class='ocrx_word' id='word_1_195' title='bbox 507 3271 757 3351; x_wconf 82' lang='grc' dir='ltr'><strong><em>πολιορκοῦντος,</em></strong></span> <span class='ocrx_word' id='word_1_196' title='bbox 785 3277 887 3333; x_wconf 81' lang='lat' dir='ltr'><strong>ceteris</strong></span> <span class='ocrx_word' id='word_1_197' title='bbox 913 3279 1035 3336; x_wconf 85' lang='lat' dir='ltr'><strong>omissis.</strong></span> <span class='ocrx_word' id='word_1_198' title='bbox 1062 3279 1091 3334; x_wconf 93' lang='lat' dir='ltr'><strong><em>in</em></strong></span> <span class='ocrx_word' id='word_1_199' title='bbox 1116 3277 1257 3355; x_wconf 80' lang='lat' dir='ltr'><strong>Stephani</strong></span> <span class='ocrx_word' id='word_1_200' title='bbox 1282 3278 1360 3336; x_wconf 77' lang='lat' dir='ltr'><strong>libris</strong></span> 
     </span>
     <span class='ocr_line' id='line_1_27' title="bbox 205 3362 1360 3445; baseline 0.002 -21"><span class='ocrx_word' id='word_1_201' title='bbox 205 3377 272 3445; x_wconf 82' lang='lat' dir='ltr'><strong>post</strong></span> <span class='ocrx_word' id='word_1_202' title='bbox 291 3366 426 3440; x_wconf 77' lang='lat' dir='ltr'>Aeschyli</span> <span class='ocrx_word' id='word_1_203' title='bbox 445 3367 637 3424; x_wconf 78' lang='lat' dir='ltr'><strong>testimonium</strong></span> <span class='ocrx_word' id='word_1_204' title='bbox 659 3376 818 3442; x_wconf 83' lang='lat' dir='ltr'><strong>sequuntur</strong></span> <span class='ocrx_word' id='word_1_205' title='bbox 836 3368 923 3427; x_wconf 85' lang='lat' dir='ltr'><strong>haec:</strong></span> <span class='ocrx_word' id='word_1_206' title='bbox 949 3364 1014 3428; x_wconf 72' lang='grc' dir='ltr'><strong><em>λ’στι</em></strong></span> <span class='ocrx_word' id='word_1_207' title='bbox 1039 3367 1089 3428; x_wconf 82' lang='grc' dir='ltr'><strong><em>καί</em></strong></span> <span class='ocrx_word' id='word_1_208' title='bbox 1111 3362 1187 3444; x_wconf 81' lang='grc' dir='ltr'><strong><em>ἀλλη</em></strong></span> <span class='ocrx_word' id='word_1_209' title='bbox 1207 3368 1263 3444; x_wconf 82' lang='grc' dir='ltr'><strong><em>τῆς</em></strong></span> <span class='ocrx_word' id='word_1_210' title='bbox 1279 3362 1360 3427; x_wconf 82' lang='grc' dir='ltr'><strong><em>Ἰνδι·</em></strong></span> 
     </span>
     <span class='ocr_line' id='line_1_28' title="bbox 205 3452 1359 3538; baseline 0.005 -23"><span class='ocrx_word' id='word_1_211' title='bbox 205 3459 269 3532; x_wconf 83' lang='grc' dir='ltr'><strong><em>κῆς.</em></strong></span> <span class='ocrx_word' id='word_1_212' title='bbox 294 3452 331 3515; x_wconf 90' lang='grc' dir='ltr'><strong><em>τό</em></strong></span> <span class='ocrx_word' id='word_1_213' title='bbox 358 3452 483 3516; x_wconf 68' lang='grc' dir='ltr'><strong><em>ἓθνικόν</em></strong></span> <span class='ocrx_word' id='word_1_214' title='bbox 501 3489 540 3500; x_wconf 86' lang='lat'><em>-</em></span> <span class='ocrx_word' id='word_1_215' title='bbox 558 3454 610 3515; x_wconf 84' lang='grc' dir='ltr'><strong><em>καί</em></strong></span> <span class='ocrx_word' id='word_1_216' title='bbox 631 3452 827 3534; x_wconf 85' lang='grc' dir='ltr'><strong><em>Βοσπορικός</em></strong></span> <span class='ocrx_word' id='word_1_217' title='bbox 850 3456 886 3519; x_wconf 87' lang='grc' dir='ltr'><strong><em>τό</em></strong></span> <span class='ocrx_word' id='word_1_218' title='bbox 911 3455 1061 3537; x_wconf 81' lang='grc' dir='ltr'><strong><em>κτητικόν.</em></strong></span> <span class='ocrx_word' id='word_1_219' title='bbox 1089 3457 1205 3538; x_wconf 76' lang='grc' dir='ltr'><strong><em>λέγεται</em></strong></span> <span class='ocrx_word' id='word_1_220' title='bbox 1230 3459 1282 3520; x_wconf 82' lang='grc' dir='ltr'><strong><em>καί</em></strong></span> <span class='ocrx_word' id='word_1_221' title='bbox 1302 3460 1359 3521; x_wconf 87' lang='grc' dir='ltr'><strong><em>Βο-</em></strong></span> 
     </span>
     <span class='ocr_line' id='line_1_29' title="bbox 204 3542 1361 3631; baseline 0.003 -24"><span class='ocrx_word' id='word_1_222' title='bbox 204 3542 333 3622; x_wconf 87' lang='grc' dir='ltr'><strong><em>σπόριον</em></strong></span> <span class='ocrx_word' id='word_1_223' title='bbox 356 3548 414 3605; x_wconf 84' lang='grc' dir='ltr'><strong><em>τοῦ</em></strong></span> <span class='ocrx_word' id='word_1_224' title='bbox 442 3546 610 3621; x_wconf 79' lang='grc' dir='ltr'><strong><em>Βυζαντίου</em></strong></span> <span class='ocrx_word' id='word_1_225' title='bbox 635 3543 736 3626; x_wconf 80' lang='grc' dir='ltr'><strong><em>λιμήν.</em></strong></span> <span class='ocrx_word' id='word_1_226' title='bbox 767 3546 796 3609; x_wconf 80' lang='grc' dir='ltr'><strong><em>σί</em></strong></span> <span class='ocrx_word' id='word_1_227' title='bbox 823 3549 857 3611; x_wconf 74' lang='grc' dir='ltr'><strong><em>δὲ</em></strong></span> <span class='ocrx_word' id='word_1_228' title='bbox 881 3547 1021 3631; x_wconf 73' lang='grc' dir='ltr'><strong><em>ἐγχώριοι</em></strong></span> <span class='ocrx_word' id='word_1_229' title='bbox 1049 3547 1240 3631; x_wconf 79' lang='grc' dir='ltr'><strong><em>Φιυσφόριον</em></strong></span> <span class='ocrx_word' id='word_1_230' title='bbox 1265 3549 1361 3614; x_wconf 86' lang='grc' dir='ltr'><strong><em>αάτδν</em></strong></span> 
     </span>
     <span class='ocr_line' id='line_1_30' title="bbox 204 3634 1358 3719; baseline 0.006 -21"><span class='ocrx_word' id='word_1_231' title='bbox 204 3639 333 3698; x_wconf 81' lang='grc' dir='ltr'><strong><em>καλοῦσι</em></strong></span> <span class='ocrx_word' id='word_1_232' title='bbox 353 3639 709 3719; x_wconf 76' lang='grc' dir='ltr'><strong><em>παραμραμματίζσντες,</em></strong></span> <span class='ocrx_word' id='word_1_233' title='bbox 731 3635 750 3718; x_wconf 80' lang='grc' dir='ltr'>ἢ</span> <span class='ocrx_word' id='word_1_234' title='bbox 771 3634 818 3702; x_wconf 83' lang='grc' dir='ltr'><strong><em>ὅτι</em></strong></span> <span class='ocrx_word' id='word_1_235' title='bbox 841 3643 996 3703; x_wconf 79' lang='grc' dir='ltr'><strong><em>Φιλίππου</em></strong></span> <span class='ocrx_word' id='word_1_236' title='bbox 1017 3647 1073 3705; x_wconf 80' lang='grc' dir='ltr'><strong><em>τοῦ</em></strong></span> <span class='ocrx_word' id='word_1_237' title='bbox 1092 3639 1280 3715; x_wconf 85' lang='grc' dir='ltr'><strong><em>Μακεδόνος</em></strong></span> <span class='ocrx_word' id='word_1_238' title='bbox 1299 3645 1358 3705; x_wconf 86' lang='grc' dir='ltr'><strong><em>διο·</em></strong></span> 
     </span>
     <span class='ocr_line' id='line_1_31' title="bbox 204 3725 1359 3818; baseline 0.009 -30"><span class='ocrx_word' id='word_1_239' title='bbox 204 3725 353 3806; x_wconf 84' lang='grc' dir='ltr'><strong><em>ρύξαντσς</em></strong></span> <span class='ocrx_word' id='word_1_240' title='bbox 372 3727 453 3790; x_wconf 80' lang='grc' dir='ltr'><strong><em>κατὰ</em></strong></span> <span class='ocrx_word' id='word_1_241' title='bbox 472 3727 529 3809; x_wconf 81' lang='grc' dir='ltr'><strong><em>τὴν</em></strong></span> <span class='ocrx_word' id='word_1_242' title='bbox 548 3733 774 3812; x_wconf 84' lang='grc' dir='ltr'><strong><em>πολιορκίαν-</em></strong></span> <span class='ocrx_word' id='word_1_243' title='bbox 789 3733 822 3795; x_wconf 83' lang='grc' dir='ltr'><strong><em>ίν</em></strong></span> <span class='ocrx_word' id='word_1_244' title='bbox 840 3739 885 3818; x_wconf 76' lang='grc' dir='ltr'><strong><em>τῷ</em></strong></span> <span class='ocrx_word' id='word_1_245' title='bbox 904 3736 972 3816; x_wconf 78' lang='grc' dir='ltr'><strong><em>περὶ</em></strong></span> <span class='ocrx_word' id='word_1_246' title='bbox 992 3735 1174 3812; x_wconf 83' lang='grc' dir='ltr'><strong><em>Βυζαντίου.</em></strong></span> <span class='ocrx_word' id='word_1_247' title='bbox 1196 3736 1359 3818; x_wconf 82' lang='grc' dir='ltr'><strong><em>Σοφοκλῆς</em></strong></span> 
     </span>
     <span class='ocr_line' id='line_1_32' title="bbox 205 3816 1358 3910; baseline 0.008 -31"><span class='ocrx_word' id='word_1_248' title='bbox 205 3817 235 3879; x_wconf 74' lang='grc' dir='ltr'><strong><em>δ’</em></strong></span> <span class='ocrx_word' id='word_1_249' title='bbox 257 3819 289 3881; x_wconf 72' lang='lat' dir='ltr'><strong><em>ir</em></strong></span> <span class='ocrx_word' id='word_1_250' title='bbox 311 3820 402 3882; x_wconf 76' lang='grc' dir='ltr'><strong><em>Φινεῖ</em></strong></span> <span class='ocrx_word' id='word_1_251' title='bbox 415 3816 528 3904; x_wconf 80' lang='grc' dir='ltr'><strong><em>πρώτῳ</em></strong></span> <span class='ocrx_word' id='word_1_252' title='bbox 549 3822 601 3884; x_wconf 81' lang='grc' dir='ltr'><strong><em>διὰ</em></strong></span> <span class='ocrx_word' id='word_1_253' title='bbox 622 3820 796 3906; x_wconf 72' lang='grc' dir='ltr'><strong><em>διφθόγμσυ</em></strong></span> <span class='ocrx_word' id='word_1_254' title='bbox 816 3825 874 3906; x_wconf 78' lang='grc' dir='ltr'><strong><em>τὴν</em></strong></span> <span class='ocrx_word' id='word_1_255' title='bbox 893 3826 953 3908; x_wconf 84' lang='grc' dir='ltr'><strong><em>πρὸ</em></strong></span> <span class='ocrx_word' id='word_1_256' title='bbox 974 3827 1080 3900; x_wconf 76' lang='grc' dir='ltr'><strong><em>τέλους</em></strong></span> <span class='ocrx_word' id='word_1_257' title='bbox 1100 3827 1176 3910; x_wconf 82' lang='grc' dir='ltr'><strong><em>φησί</em></strong></span> <span class='ocrx_word' id='word_1_258' title='bbox 1196 3827 1232 3890; x_wconf 89' lang='grc' dir='ltr'><strong><em>τδ</em></strong></span> <span class='ocrx_word' id='word_1_259' title='bbox 1252 3825 1358 3906; x_wconf 87' lang='grc' dir='ltr'><strong><em>κόριον</em></strong></span> 
     </span>
     <span class='ocr_line' id='line_1_33' title="bbox 204 3906 1357 3997; baseline 0.009 -25"><span class='ocrx_word' id='word_1_260' title='bbox 204 3908 297 3996; x_wconf 60' lang='grc' dir='ltr'><strong><em>ι,οὐδ’</em></strong></span> <span class='ocrx_word' id='word_1_261' title='bbox 324 3906 363 3970; x_wconf 86' lang='grc' dir='ltr'><strong><em>ι’ίν</em></strong></span> <span class='ocrx_word' id='word_1_262' title='bbox 387 3911 423 3975; x_wconf 89' lang='grc' dir='ltr'><strong><em>τδ</em></strong></span> <span class='ocrx_word' id='word_1_263' title='bbox 449 3910 640 3995; x_wconf 82' lang='grc' dir='ltr'><strong><em>Βοσπόρειον</em></strong></span> <span class='ocrx_word' id='word_1_264' title='bbox 664 3916 697 3979; x_wconf 80' lang='grc' dir='ltr'><strong><em>ίν</em></strong></span> <span class='ocrx_word' id='word_1_265' title='bbox 722 3916 862 3989; x_wconf 74' lang='grc' dir='ltr'><strong><em>Σκύθαις</em></strong></span> <span class='ocrx_word' id='word_1_266' title='bbox 887 3912 1007 3997; x_wconf 82' lang='grc' dir='ltr'><strong><em>ύδιυρ”.</em></strong></span> <span class='ocrx_word' id='word_1_267' title='bbox 1037 3925 1171 3982; x_wconf 84' lang='lat' dir='ltr'><strong>coniunxi</strong></span> <span class='ocrx_word' id='word_1_268' title='bbox 1194 3925 1268 3983; x_wconf 87' lang='lat' dir='ltr'><strong>haee</strong></span> <span class='ocrx_word' id='word_1_269' title='bbox 1293 3943 1357 3983; x_wconf 88' lang='lat' dir='ltr'><strong><em>eum</em></strong></span> 
     </span>
     <span class='ocr_line' id='line_1_34' title="bbox 202 4007 1337 4092; baseline 0.009 -26"><span class='ocrx_word' id='word_1_270' title='bbox 202 4007 346 4084; x_wconf 77' lang='lat' dir='ltr'><strong>excerptis</strong></span> <span class='ocrx_word' id='word_1_271' title='bbox 362 4007 542 4066; x_wconf 73' lang='lat' dir='ltr'><strong>Constantini</strong></span> <span class='ocrx_word' id='word_1_272' title='bbox 564 4015 714 4089; x_wconf 72' lang='lat' dir='ltr'><strong>verbisque</strong></span> <span class='ocrx_word' id='word_1_273' title='bbox 729 4013 870 4092; x_wconf 81' lang='lat' dir='ltr'><strong>Stephani</strong></span> <span class='ocrx_word' id='word_1_274' title='bbox 890 4018 1046 4091; x_wconf 84' lang='lat' dir='ltr'><strong>genuinum</strong></span> <span class='ocrx_word' id='word_1_275' title='bbox 1066 4017 1195 4076; x_wconf 85' lang='lat' dir='ltr'><strong>ordinem</strong></span> <span class='ocrx_word' id='word_1_276' title='bbox 1215 4021 1337 4076; x_wconf 79' lang='lat' dir='ltr'><strong>restitui.</strong></span> 
     </span>
    </p>

    <p class='ocr_par' dir='ltr' id='par_1_7' title="bbox 201 4093 1354 4276">
     <span class='ocr_line' id='line_1_35' title="bbox 203 4093 1354 4185; baseline 0.01 -27"><span class='ocrx_word' id='word_1_277' title='bbox 203 4101 249 4158; x_wconf 81' lang='grc'><strong><em>11.</em></strong></span> <span class='ocrx_word' id='word_1_278' title='bbox 271 4093 502 4176; x_wconf 66' lang='grc' dir='ltr'><strong><em>παρατιθέασιλ</em></strong></span> <span class='ocrx_word' id='word_1_279' title='bbox 588 4107 634 4161; x_wconf 89' lang='grc'><strong><em>16.</em></strong></span> <span class='ocrx_word' id='word_1_280' title='bbox 654 4101 706 4162; x_wconf 86' lang='grc' dir='ltr'><strong><em>καί</em></strong></span> <span class='ocrx_word' id='word_1_281' title='bbox 732 4105 800 4164; x_wconf 84' lang='lat' dir='ltr'><strong>add.</strong></span> <span class='ocrx_word' id='word_1_282' title='bbox 821 4107 861 4164; x_wconf 89' lang='lat' dir='ltr'><strong><em>M.</em></strong></span> <span class='ocrx_word' id='word_1_283' title='bbox 887 4107 926 4164; x_wconf 88' lang='lat' dir='ltr'><strong><em>ad</em></strong></span> <span class='ocrx_word' id='word_1_284' title='bbox 951 4110 1102 4185; x_wconf 79' lang='lat' dir='ltr'><strong>sequentia</strong></span> <span class='ocrx_word' id='word_1_285' title='bbox 1121 4103 1166 4167; x_wconf 81' lang='lat' dir='ltr'><strong><em>es.</em></strong></span> <span class='ocrx_word' id='word_1_286' title='bbox 1187 4109 1354 4169; x_wconf 77' lang='lat' dir='ltr'><strong>Euatathius</strong></span> 
     </span>
     <span class='ocr_line' id='line_1_36' title="bbox 201 4190 1353 4276; baseline 0.013 -28"><span class='ocrx_word' id='word_1_287' title='bbox 201 4191 239 4248; x_wconf 84' lang='lat' dir='ltr'><strong><em>ad</em></strong></span> <span class='ocrx_word' id='word_1_288' title='bbox 259 4191 344 4248; x_wconf 90' lang='lat' dir='ltr'><strong>Dion.</strong></span> <span class='ocrx_word' id='word_1_289' title='bbox 364 4190 431 4248; x_wconf 89' lang='lat' dir='ltr'><strong>Per.</strong></span> <span class='ocrx_word' id='word_1_290' title='bbox 444 4191 510 4248; x_wconf 82' lang='grc'><strong>143.</strong></span> <span class='ocrx_word' id='word_1_291' title='bbox 589 4199 635 4254; x_wconf 86' lang='grc'><strong>17.</strong></span> <span class='ocrx_word' id='word_1_292' title='bbox 647 4190 816 4276; x_wconf 85' lang='grc' dir='ltr'><strong><em>ἀνσφανώς</em></strong></span> <span class='ocrx_word' id='word_1_293' title='bbox 834 4201 870 4258; x_wconf 87' lang='lat' dir='ltr'><strong><em>V.</em></strong></span> <span class='ocrx_word' id='word_1_294' title='bbox 949 4191 1081 4276; x_wconf 78' lang='grc' dir='ltr'><strong><em>ἤμελλον</em></strong></span> <span class='ocrx_word' id='word_1_295' title='bbox 1099 4201 1135 4269; x_wconf 87' lang='lat' dir='ltr'><strong><em>V,</em></strong></span> <span class='ocrx_word' id='word_1_296' title='bbox 1155 4195 1280 4276; x_wconf 73' lang='grc' dir='ltr'><strong><em>ίμελλον</em></strong></span> <span class='ocrx_word' id='word_1_297' title='bbox 1292 4205 1353 4262; x_wconf 83' lang='lat' dir='ltr'><strong><em>AR.</em></strong></span> 
     </span>
    </p>
   </div>
   <div class='ocr_carea' id='block_1_5' title="bbox 197 4278 1353 4439">
    <p class='ocr_par' dir='ltr' id='par_1_8' title="bbox 197 4278 1353 4439">
     <span class='ocr_line' id='line_1_37' title="bbox 198 4278 1353 4373; baseline 0.012 -34"><span class='ocrx_word' id='word_1_298' title='bbox 198 4278 384 4351; x_wconf 73' lang='grc' dir='ltr'><strong><em>ἐξαναδῦναι</em></strong></span> <span class='ocrx_word' id='word_1_299' title='bbox 403 4283 580 4343; x_wconf 78' lang='lat' dir='ltr'><strong>Eustathiua.</strong></span> <span class='ocrx_word' id='word_1_300' title='bbox 678 4294 787 4350; x_wconf 84' lang='lat' dir='ltr'><strong>17.1e.</strong></span> <span class='ocrx_word' id='word_1_301' title='bbox 809 4285 956 4367; x_wconf 78' lang='grc' dir='ltr'><strong><em>ἢἝκιίτη</em></strong></span> <span class='ocrx_word' id='word_1_302' title='bbox 976 4293 1153 4362; x_wconf 83' lang='lat' dir='ltr'><strong>Enetathius,</strong></span> <span class='ocrx_word' id='word_1_303' title='bbox 1174 4292 1225 4352; x_wconf 84' lang='grc' dir='ltr'><strong><em>καί</em></strong></span> <span class='ocrx_word' id='word_1_304' title='bbox 1240 4289 1353 4373; x_wconf 81' lang='grc' dir='ltr'><strong><em>Ἒκάτη</em></strong></span> 
     </span>
     <span class='ocr_line' id='line_1_38' title="bbox 197 4365 783 4439; baseline 0.012 -7"><span class='ocrx_word' id='word_1_305' title='bbox 197 4376 271 4432; x_wconf 85' lang='lat' dir='ltr'><strong>libri.</strong></span> <span class='ocrx_word' id='word_1_306' title='bbox 352 4380 399 4434; x_wconf 87' lang='grc'><strong>19.</strong></span> <span class='ocrx_word' id='word_1_307' title='bbox 416 4365 497 4434; x_wconf 79' lang='grc' dir='ltr'><strong><em>οὕτω</em></strong></span> <span class='ocrx_word' id='word_1_308' title='bbox 518 4377 586 4436; x_wconf 85' lang='lat' dir='ltr'><strong>add.</strong></span> <span class='ocrx_word' id='word_1_309' title='bbox 607 4379 783 4439; x_wconf 84' lang='lat' dir='ltr'><strong>Eustathius.</strong></span> 
     </span>
    </p>
   </div>
   <div class='ocr_carea' id='block_1_6' title="bbox 0 0 1448 5084">
    <p class='ocr_par' dir='ltr' id='par_1_9' title="bbox 0 0 1448 5084">
     <span class='ocr_line' id='line_1_39' title="bbox 0 0 1448 5084; baseline 0 5"><span class='ocrx_word' id='word_1_310' title='bbox 0 0 1448 5084; x_wconf 95' lang='lat' dir='ltr'><strong><em> </em></strong></span> 
     </span>
    </p>
   </div>
  </div>
 </body>
</html>
