2902 5070
741 258 815 332 196

202 447 309 533 πάχος
330 448 391 533 μὲν
413 440 569 534 Κυπρίου
595 436 764 526 καλάμου,
792 442 899 530 μῆκος
925 440 965 508 δὲ
992 439 1110 506 ποδῶν
1136 432 1283 518 διόδεκα,
1313 431 1361 516 ῶς

196 563 383 657 Ἀθήναιος
409 563 445 633 ἐν
466 562 611 651 δευτέρῳ
633 549 938 649 δειπνοσοφιστῶν.

288 680 471 763 Γάλαδα,
501 676 591 768 χῶρα
616 676 791 770 Ἀραβίας·
821 677 878 746 καί
905 671 1095 765 Γαλαδηνη.
1135 671 1300 764 Ἰώσηπος
1326 673 1362 742 ἐν

202 801 349 896 τετάρτῳ
367 797 551 887 Ἰουδαϊκῆς
571 793 810 886 ἀρχαιολογίας
832 793 1015 864 Γαλαδῑτίν
1035 818 1131 884 φησι.

178 951 192 990 ι
243 1001 246 1012 .
289 916 518 1008 Γαλάδραι,
551 913 653 997 πόλις
677 911 897 995 Μακεδονίας
925 913 961 983 ἓν
986 910 1123 1004 Πιερίᾳ.
1166 909 1362 1004 Λυκόφρων

207 1046 331 1136 ασῆναι
361 1035 541 1128 Γαλάδρας
570 1035 629 1104 τόν
658 1029 883 1125 στρατηλάτην
913 1027 1048 1101 λόκον”.
1092 1028 1164 1099 ἔστι
1195 1031 1254 1100 καὶ
1283 1024 1362 1120 όρος

205 1157 432 1246 Γάλαδρος.
469 1152 540 1222 άπὸ
555 1148 734 1241 Γαλάδρου
751 1150 999 1237 τοῦἨμαδίου
1015 1146 1154 1230 παιδός.
1188 1146 1223 1217 οί
1245 1150 1283 1220 δὲ
1307 1148 1362 1219 ότι

205 1273 420 1364 δΓαλάδρας
442 1270 551 1341 ἔκτισε
571 1270 631 1361 τήν
648 1266 760 1338 πόλιν.
796 1266 815 1339 ό
832 1269 973 1358 πολίτης
987 1272 1211 1358 Γαλαδροιίος.
1243 1267 1363 1340 Λυκό-

206 1421 300 1487 φρων
317 1392 397 1486 ακαί
412 1392 625 1479 Γαλαδραίον
639 1373 781 1460 πέδον”.
808 1390 848 1456 τό
863 1389 1016 1478 κτητικδν
1030 1385 1101 1458 ἔδει
1116 1386 1362 1479 Γαλαδραΐκόν.

168 1552 194 1591 ιιι
206 1508 377 1598 Πολύβιος
399 1511 438 1580 δά
459 1509 494 1578 ἐν
514 1513 562 1598 τῷ
584 1505 627 1596 ιγ’
648 1516 680 1576 Γ
678 1505 861 1597 αλαδρικόν
883 1530 978 1598 φησι.

291 1626 522 1718 Γαλάρινα,
553 1623 656 1709 πόλις
684 1627 857 1711 Σικελίας,
889 1626 1010 1712 κτίσμα
1038 1623 1181 1715 Μόρχου
1208 1627 1362 1696 Σικελοῦ.

207 1747 418 1839 λέγεταικαὶ
439 1742 593 1834 Γαλαρία
613 1743 715 1835 χῶρα.
752 1743 779 1816 ’ό
802 1745 943 1836 πολίτης
965 1748 1150 1834 Γαλαρῐνος
1171 1745 1227 1814 καί
1248 1747 1363 1814 Γαλα-

207 1869 279 1958 ρίνη
301 1868 358 1935 καί
378 1874 410 1933 Γ
409 1868 616 1955 αλαριναῖος.

294 1980 498 2065 Γαλάται,
528 1982 616 2071 πρδς
644 1979 742 2051 νότον
766 1990 839 2065 τοῖς
864 1979 1105 2075 Παφλαγόσιν,
1134 1977 1206 2052 άπδ
1233 1987 1299 2053 τῶν
1328 1983 1363 2054 ἐν

169 2140 194 2179 15
206 2109 248 2194 τῇ
269 2104 416 2192 Κελτικῇ
438 2103 616 2181 Γαλατῶν,
646 2096 685 2168 σί
702 2103 934 2192 πλανηθέντες
955 2100 1062 2170 πολὺν
1082 2097 1203 2190 χρόνον
1224 2104 1280 2172 καί
1301 2130 1362 2172 κα-

207 2216 411 2306 ταλαβόντες
431 2219 492 2308 τὴν
511 2213 621 2308 χώραν
643 2215 750 2300 οὕτως
772 2216 960 2308 ῶνόμασαν.
995 2216 1155 2309 παρήχθη
1178 2220 1216 2290 δί
1235 2222 1275 2290 τό
1294 2230 1363 2290 Γα-

208 2335 309 2427 λάτης
324 2337 359 2406 ἐκ
374 2341 435 2406 τοῦ
449 2334 584 2418 Γάλλος
597 2332 719 2428 ὑφέσει
739 2343 801 2408 τοῦ
823 2336 896 2422 ἑνός
918 2327 948 2406 λ.
984 2338 1042 2406 καί
1056 2335 1210 2406 Γαλατία
1226 2334 1246 2429 ἡ
1260 2337 1363 2430 χῶρα.

292 2457 526 2536 Γαλιῶται,
559 2452 663 2536 ἔθνος
694 2453 730 2526 ἐν
758 2457 897 2550 Σικελίᾳ
927 2453 949 2549 ἢ
977 2455 1013 2526 ἐν
1040 2462 1083 2548 τῇ
1106 2453 1255 2549 Ἀττικῇ,
1291 2456 1362 2530 άπδ
1433 2445 1436 2450 ’

209 2573 388 2648 Γαλεῶτου
420 2571 496 2643 υίοῦ
526 2569 743 2656 Ἀπόλλωνος
776 2578 834 2644 καί
869 2579 1069 2661 Θεμιστοῦς,
1103 2582 1163 2665 τῆς
1194 2580 1365 2669 θυγατρός

169 2735 197 2776 20
210 2696 356 2784 Ζαβίου,
378 2697 439 2762 τοῦ
459 2692 627 2779 βασιλέως
647 2697 714 2761 τῶν
731 2691 980 2785 Ὑπερβορέων,
1002 2691 1049 2776 ῶς
1070 2692 1239 2786 εἰρήσεται
1261 2697 1296 2767 ἒν
1316 2702 1364 2788 τῷ

207 2818 288 2907 περί
311 2815 517 2901 Τελμησσοῡ.
560 2813 649 2895 τινὲς
676 2813 715 2884 δι’
741 2812 795 2883 ότι
816 2816 993 2884 Γαλεῶται
1018 2811 1171 2900 μάντεων
1192 2809 1283 2899 εἶδος
1304 2827 1363 2888 Σι-

207 3059 408 3072 Ἣ

208 3214 236 3268 1.
250 3197 356 3267 ποδῶν
368 3208 398 3266 Μ
414 3209 536 3267 restituit
550 3227 587 3266 ex
600 3207 704 3266 Athen.
718 3211 738 3264 2
751 3227 780 3286 p.
791 3210 830 3264 62
842 3207 870 3264 d.
892 3209 998 3284 πηχῶν
1016 3210 1092 3268 lilm'.
1168 3211 1196 3268 4.
1210 3205 1363 3292 τετάρτῳ]

208 3323 234 3361 c.
254 3308 282 3362 5.
308 3303 356 3360 ubi
382 3303 482 3360 vitiose
508 3298 539 3357 Γ
537 3292 667 3376 αλαδινή
692 3303 830 3379 scriptum
855 3311 912 3370 est,
939 3313 968 3360 et
987 3308 1015 3362 7.
1044 3305 1091 3362 ubi
1118 3299 1307 3380 Γαλαδηνῶν
1326 3305 1365 3382 μῆ

206 3405 389 3454 memoratur.
419 3394 544 3451 sortasse
574 3393 661 3468 igitur
690 3394 769 3470 apud
795 3391 973 3471 Stephanum
1000 3406 1067 3454 ante
1093 3395 1123 3452 Γ
1121 3391 1262 3452 υλαδῖτίν
1288 3415 1364 3475 φησι

208 3488 281 3546 alius
302 3486 460 3563 scriptoris,
480 3505 506 3544 e.
528 3505 553 3542 c.
574 3485 675 3542 Vranii
695 3485 740 3543 vel
763 3486 877 3554 Glauci,
897 3506 1001 3546 nomen
1022 3489 1139 3548 excidit.
1246 3492 1276 3548 5.
1295 3487 1364 3548 Λυ·

208 3571 349 3657 κόφρων]
371 3596 411 3634 vs.
424 3577 509 3636 1444.
588 3581 616 3635 6.
628 3578 719 3652 σῆνιιι
731 3576 761 3635 Γ
760 3570 901 3654 υλιίδρας
910 3579 949 3649 Μ,
969 3577 1050 3638 wa}
1061 3575 1219 3656 γυλιίδρος
1229 3583 1262 3650 Α,
1282 3585 1365 3640 σῖναι

207 3665 365 3748 χυλάδρος
383 3671 492 3749 PpRV,
513 3689 595 3729 σιναι
614 3669 771 3746 χαλαδρος
785 3667 829 3738 Π,
851 3672 943 3729 σᾶναι
964 3670 995 3729 Γ
993 3667 1133 3752 αράδρης
1153 3673 1189 3740 X,
1209 3685 1241 3730 ut
1260 3674 1366 3751 legitur

208 3761 287 3842 apud
307 3763 536 3840 Lycophronem.
558 3762 598 3820 cs.
620 3763 718 3822 Tasci,
739 3763 916 3822 ΤΙιειιιιΙοο.
937 3784 967 3842 p.
979 3770 1046 3826 276.
1126 3769 1155 3823 7.
1170 3758 1306 3841 η’ναθίου
1327 3767 1364 3824 V.

208 3859 237 3914 8.
258 3849 274 3913 δ
295 3864 361 3913 ante
382 3854 412 3911 Γ
409 3850 550 3933 αλάδρος
569 3854 639 3912 add.
658 3855 768 3933 PpRV.
846 3859 875 3914 8.
886 3861 915 3917 9.
933 3849 1133 3937 Λυκόφρων]
1156 3878 1195 3915 vs.
1208 3860 1294 3917 1342.
1316 3860 1364 3916 ubi

206 3947 312 4025 legitur
327 3944 377 4004 καί
389 3945 611 4025 Καναστραῖος
630 3943 716 4016 λέων,
737 3948 801 4004 libri
822 3959 917 4008 autem
937 3951 1012 4008 inter
1025 3950 1249 4028 χαλαστραῖος,
1266 3969 1364 4028 χαρα·

208 4037 316 4118 δριιΐος
332 4049 361 4096 ε1
375 4037 569 4115 χαλαδραΐος
582 4039 730 4098 fluctuant.
811 4047 857 4099 10.
869 4037 901 4099 ίν
912 4043 956 4122 τῷ
971 4035 1008 4119 η’
1022 4042 1211 4112 Schuhartus,
1231 4039 1264 4102 ἓν
1278 4037 1363 4122 τῷηί

207 4132 243 4200 R,
264 4129 297 4190 ἓν
314 4131 359 4208 τῷ
373 4127 420 4188 IV
435 4129 512 4200 HV,
531 4129 564 4190 ἓν
581 4129 675 4213 τρίτῳ
690 4136 725 4190 Α.
804 4132 834 4191 Γ
831 4130 1000 4212 αλαδρικόν
1011 4136 1050 4206 R,
1071 4133 1102 4191 Γ
1099 4128 1289 4211 ωλαδραικόν
1303 4135 1362 4193 AV.

207 4227 314 4281 1213.
336 4220 366 4277 Γ
363 4217 500 4300 αλαρήνη
520 4226 555 4284 R.
674 4230 720 4286 18.
742 4221 865 4306 Σικελίᾳ
885 4221 918 4282 ἓν
936 4227 975 4304 τῇ
993 4221 1096 4304 Αἴτνη
1116 4226 1305 4286 Schubartus.

207 4321 254 4374 19.
269 4312 298 4370 Γ
296 4307 430 4374 ιιλεῶτου
446 4318 633 4384 Schubartus,
656 4309 777 4372 Γάλλου
797 4318 852 4374 τοῦ
872 4318 908 4385 R,
929 4317 959 4374 Γ
957 4319 1049 4377 αλιυδ
1069 4321 1126 4377 τοῦ
1145 4321 1178 4389 Α,
1197 4313 1294 4396 μαλ’..
1308 4321 1365 4378 τοῦ

206 4408 242 4464 V.
321 4411 369 4464 20.
385 4402 619 4487 Ὑπερβοραίιυν
639 4408 675 4464 V.
753 4412 800 4466 21.
825 4409 1064 4485 Τελμησσοῶίλ,
1089 4412 1264 4487 Τιλμισσυῦ
1282 4414 1344 4471 AV.
