<?xml version="1.0" encoding="UTF-8"?>
<!DOCTYPE html PUBLIC "-//W3C//DTD XHTML 1.0 Transitional//EN"
    "http://www.w3.org/TR/xhtml1/DTD/xhtml1-transitional.dtd">
<html xmlns="http://www.w3.org/1999/xhtml" xml:lang="en" lang="en">
 <head>
  <title>
</title>
<meta http-equiv="Content-Type" content="text/html;charset=utf-8" />
  <meta name='ocr-system' content='tesseract 3.04.00' />
  <meta name='ocr-capabilities' content='ocr_page ocr_carea ocr_par ocr_line ocrx_word'/>
</head>
<body>
  <div class='ocr_page' id='page_1' title='image "./stephanibyzanti00meingoog_0300.png"; bbox 0 0 2902 5070; ppageno 0'>
   <div class='ocr_carea' id='block_1_1' title="bbox 629 233 703 312">
    <p class='ocr_par' dir='ltr' id='par_1_1' title="bbox 629 233 703 312">
     <span class='ocr_line' id='line_1_1' title="bbox 629 233 703 312; baseline -0.027 0"><span class='ocrx_word' id='word_1_1' title='bbox 629 233 703 312; x_wconf 76' lang='lat'><strong><em>287</em></strong></span> 
     </span>
    </p>
   </div>
   <div class='ocr_carea' id='block_1_2' title="bbox 83 413 1287 3131">
    <p class='ocr_par' dir='ltr' id='par_1_2' title="bbox 88 413 1246 632">
     <span class='ocr_line' id='line_1_2' title="bbox 174 413 1246 514; baseline -0.005 -20"><span class='ocrx_word' id='word_1_2' title='bbox 174 417 419 514; x_wconf 75' lang='grc' dir='ltr'><strong><em>Εὐρυμεναί,</em></strong></span> <span class='ocrx_word' id='word_1_3' title='bbox 456 416 558 499; x_wconf 80' lang='grc' dir='ltr'><strong><em>πόλις</em></strong></span> <span class='ocrx_word' id='word_1_4' title='bbox 588 415 794 500; x_wconf 76' lang='grc' dir='ltr'><strong><em>Θεσσαλίας,</em></strong></span> <span class='ocrx_word' id='word_1_5' title='bbox 816 413 996 500; x_wconf 65' lang='grc' dir='ltr'><strong><em>,Ἑκαταῖος</em></strong></span> <span class='ocrx_word' id='word_1_6' title='bbox 1022 413 1182 509; x_wconf 78' lang='grc' dir='ltr'><strong><em>Εὐρώπη.</em></strong></span> <span class='ocrx_word' id='word_1_7' title='bbox 1226 415 1246 489; x_wconf 84' lang='grc' dir='ltr'><em>ὃ</em></span> 
     </span>
     <span class='ocr_line' id='line_1_3' title="bbox 88 533 783 632; baseline -0.014 -16"><span class='ocrx_word' id='word_1_8' title='bbox 88 542 229 632; x_wconf 79' lang='grc' dir='ltr'><strong><em>πολίτης</em></strong></span> <span class='ocrx_word' id='word_1_9' title='bbox 248 538 453 631; x_wconf 79' lang='grc' dir='ltr'><strong><em>Εόρυιιένιος</em></strong></span> <span class='ocrx_word' id='word_1_10' title='bbox 475 533 521 618; x_wconf 85' lang='grc' dir='ltr'><strong><em>ὡς</em></strong></span> <span class='ocrx_word' id='word_1_11' title='bbox 542 538 783 625; x_wconf 79' lang='grc' dir='ltr'><strong><em>Κλαζομένιος.</em></strong></span> 
     </span>
    </p>

    <p class='ocr_par' dir='ltr' id='par_1_3' title="bbox 88 653 1248 873">
     <span class='ocr_line' id='line_1_4' title="bbox 173 653 1248 751; baseline -0.006 -19"><span class='ocrx_word' id='word_1_12' title='bbox 173 658 418 750; x_wconf 80' lang='grc' dir='ltr'><strong><em>Εὐρυτάνες,</em></strong></span> <span class='ocrx_word' id='word_1_13' title='bbox 449 655 552 739; x_wconf 74' lang='grc' dir='ltr'><strong><em>ἔθνος</em></strong></span> <span class='ocrx_word' id='word_1_14' title='bbox 572 653 777 726; x_wconf 79' lang='grc' dir='ltr'><strong><em>Αἰτωλικόν.</em></strong></span> <span class='ocrx_word' id='word_1_15' title='bbox 821 655 1016 747; x_wconf 78' lang='grc' dir='ltr'><strong><em>Λυκόφρων</em></strong></span> <span class='ocrx_word' id='word_1_16' title='bbox 1044 653 1188 751; x_wconf 66' lang='grc' dir='ltr'><strong><em>αμάντιν</em></strong></span> <span class='ocrx_word' id='word_1_17' title='bbox 1210 659 1248 726; x_wconf 78' lang='grc' dir='ltr'><strong><em>δὲ</em></strong></span> 
     </span>
     <span class='ocr_line' id='line_1_5' title="bbox 88 772 1200 873; baseline -0.008 -21"><span class='ocrx_word' id='word_1_18' title='bbox 88 783 204 873; x_wconf 81' lang='grc' dir='ltr'><strong><em>νεκρόν</em></strong></span> <span class='ocrx_word' id='word_1_19' title='bbox 223 776 377 870; x_wconf 82' lang='grc' dir='ltr'><strong><em>Εὗρυτάν</em></strong></span> <span class='ocrx_word' id='word_1_20' title='bbox 397 777 520 870; x_wconf 77' lang='grc' dir='ltr'><strong><em>στέψει</em></strong></span> <span class='ocrx_word' id='word_1_21' title='bbox 541 772 664 857; x_wconf 82' lang='grc' dir='ltr'><strong><em>λεώς”.</em></strong></span> <span class='ocrx_word' id='word_1_22' title='bbox 709 772 755 857; x_wconf 85' lang='grc' dir='ltr'><strong><em>ώς</em></strong></span> <span class='ocrx_word' id='word_1_23' title='bbox 781 775 820 843; x_wconf 83' lang='grc' dir='ltr'><strong><em>τὸ</em></strong></span> <span class='ocrx_word' id='word_1_24' title='bbox 843 773 981 845; x_wconf 83' lang='grc' dir='ltr'><strong><em>Αίνιόν.</em></strong></span> <span class='ocrx_word' id='word_1_25' title='bbox 1198 775 1200 780; x_wconf 71' lang='grc'><strong>’</strong></span> 
     </span>
    </p>

    <p class='ocr_par' dir='ltr' id='par_1_4' title="bbox 88 890 1273 1227">
     <span class='ocr_line' id='line_1_6' title="bbox 173 890 1273 992; baseline -0.006 -22"><span class='ocrx_word' id='word_1_26' title='bbox 173 895 383 992; x_wconf 76' lang='grc' dir='ltr'><strong><em>Εὔρωμος,</em></strong></span> <span class='ocrx_word' id='word_1_27' title='bbox 416 893 519 977; x_wconf 82' lang='grc' dir='ltr'><strong><em>πόλις</em></strong></span> <span class='ocrx_word' id='word_1_28' title='bbox 545 893 692 986; x_wconf 84' lang='grc' dir='ltr'><strong><em>Καρίας,</em></strong></span> <span class='ocrx_word' id='word_1_29' title='bbox 722 890 794 964; x_wconf 86' lang='grc' dir='ltr'><strong><em>άπδ</em></strong></span> <span class='ocrx_word' id='word_1_30' title='bbox 821 892 987 986; x_wconf 83' lang='grc' dir='ltr'><strong><em>Εὐρώμου</em></strong></span> <span class='ocrx_word' id='word_1_31' title='bbox 1016 901 1077 966; x_wconf 87' lang='grc' dir='ltr'><strong><em>τοῦ</em></strong></span> <span class='ocrx_word' id='word_1_32' title='bbox 1102 895 1273 986; x_wconf 71' lang='grc' dir='ltr'><strong><em>Ἰδριίωςσ</em></strong></span> 
     </span>
     <span class='ocr_line' id='line_1_7' title="bbox 88 1010 1246 1110; baseline -0.003 -20"><span class='ocrx_word' id='word_1_33' title='bbox 88 1016 215 1110; x_wconf 89' lang='grc' dir='ltr'><strong><em>Καρός.</em></strong></span> <span class='ocrx_word' id='word_1_34' title='bbox 258 1017 298 1086; x_wconf 85' lang='grc' dir='ltr'><strong><em>τὸ</em></strong></span> <span class='ocrx_word' id='word_1_35' title='bbox 325 1015 463 1085; x_wconf 79' lang='grc' dir='ltr'><strong><em>δθνικόν</em></strong></span> <span class='ocrx_word' id='word_1_36' title='bbox 483 1011 673 1104; x_wconf 77' lang='grc' dir='ltr'><strong><em>Εὐρωμεός.</em></strong></span> <span class='ocrx_word' id='word_1_37' title='bbox 712 1010 945 1095; x_wconf 88' lang='grc' dir='ltr'><strong><em>Ἀπολλώνιος</em></strong></span> <span class='ocrx_word' id='word_1_38' title='bbox 972 1012 1246 1105; x_wconf 73' lang='grc' dir='ltr'><strong><em>ἑπτακαιδεκάτῳ</em></strong></span> 
     </span>
     <span class='ocr_line' id='line_1_8' title="bbox 88 1143 256 1227; baseline -0.03 -17"><span class='ocrx_word' id='word_1_39' title='bbox 88 1143 256 1227; x_wconf 79' lang='grc' dir='ltr'><strong><em>Καρικῶν.</em></strong></span> 
     </span>
    </p>

    <p class='ocr_par' dir='ltr' id='par_1_5' title="bbox 83 1248 1287 1942">
     <span class='ocr_line' id='line_1_9' title="bbox 173 1248 1248 1348; baseline -0.004 -21"><span class='ocrx_word' id='word_1_40' title='bbox 173 1251 364 1348; x_wconf 74' lang='grc' dir='ltr'><strong><em>Εάρώπη,</em></strong></span> <span class='ocrx_word' id='word_1_41' title='bbox 394 1249 414 1343; x_wconf 78' lang='grc' dir='ltr'><strong><em>ἡ</em></strong></span> <span class='ocrx_word' id='word_1_42' title='bbox 441 1248 549 1342; x_wconf 81' lang='grc' dir='ltr'><strong><em>χώρα,</em></strong></span> <span class='ocrx_word' id='word_1_43' title='bbox 579 1248 617 1320; x_wconf 74' lang='grc' dir='ltr'><strong><em>ἐκ</em></strong></span> <span class='ocrx_word' id='word_1_44' title='bbox 645 1256 704 1341; x_wconf 85' lang='grc' dir='ltr'><strong><em>τῆς</em></strong></span> <span class='ocrx_word' id='word_1_45' title='bbox 734 1251 892 1334; x_wconf 79' lang='grc' dir='ltr'><strong><em>Φοίνικος</em></strong></span> <span class='ocrx_word' id='word_1_46' title='bbox 918 1253 1087 1343; x_wconf 79' lang='grc' dir='ltr'><strong><em>θυγατρός</em></strong></span> <span class='ocrx_word' id='word_1_47' title='bbox 1115 1249 1164 1343; x_wconf 77' lang='grc' dir='ltr'><strong><em>[ἢ]</em></strong></span> <span class='ocrx_word' id='word_1_48' title='bbox 1187 1258 1248 1324; x_wconf 81' lang='grc' dir='ltr'><strong><em>τοῦ</em></strong></span> 
     </span>
     <span class='ocr_line' id='line_1_10' title="bbox 83 1366 1247 1467; baseline -0.004 -20"><span class='ocrx_word' id='word_1_49' title='bbox 83 1375 271 1467; x_wconf 76' lang='grc' dir='ltr'><strong><em>Ἀγήνορος.</em></strong></span> <span class='ocrx_word' id='word_1_50' title='bbox 307 1375 440 1464; x_wconf 72' lang='grc' dir='ltr'><strong><em>λέγεται</em></strong></span> <span class='ocrx_word' id='word_1_51' title='bbox 454 1371 513 1440; x_wconf 83' lang='grc' dir='ltr'><strong><em>καὶ</em></strong></span> <span class='ocrx_word' id='word_1_52' title='bbox 527 1366 762 1461; x_wconf 80' lang='grc' dir='ltr'><strong><em>Εὐρώπεια,</em></strong></span> <span class='ocrx_word' id='word_1_53' title='bbox 784 1372 842 1441; x_wconf 84' lang='grc' dir='ltr'><strong><em>καί</em></strong></span> <span class='ocrx_word' id='word_1_54' title='bbox 859 1372 918 1441; x_wconf 82' lang='grc' dir='ltr'><strong><em>διά</em></strong></span> <span class='ocrx_word' id='word_1_55' title='bbox 936 1376 997 1442; x_wconf 82' lang='grc' dir='ltr'><strong><em>τοῦ</em></strong></span> <span class='ocrx_word' id='word_1_56' title='bbox 1018 1375 1032 1440; x_wconf 74' lang='lat' dir='ltr'><strong>i</strong></span> <span class='ocrx_word' id='word_1_57' title='bbox 1051 1369 1247 1463; x_wconf 83' lang='grc' dir='ltr'><strong><em>Εὗρωπία</em></strong></span> 
     </span>
     <span class='ocr_line' id='line_1_11' title="bbox 88 1487 1287 1587; baseline -0.008 -20"><span class='ocrx_word' id='word_1_58' title='bbox 88 1497 183 1587; x_wconf 80' lang='grc' dir='ltr'><strong><em>παρὰ</em></strong></span> <span class='ocrx_word' id='word_1_59' title='bbox 204 1495 374 1586; x_wconf 79' lang='grc' dir='ltr'><strong><em>Σοφοκλεῖ</em></strong></span> <span class='ocrx_word' id='word_1_60' title='bbox 392 1487 632 1576; x_wconf 78' lang='grc' dir='ltr'><strong><em>Λίχμαλώτισι</em></strong></span> <span class='ocrx_word' id='word_1_61' title='bbox 664 1490 747 1582; x_wconf 58' lang='grc' dir='ltr'><strong><em>«καὶ</em></strong></span> <span class='ocrx_word' id='word_1_62' title='bbox 768 1488 932 1580; x_wconf 78' lang='grc' dir='ltr'><strong><em>νησιώτας</em></strong></span> <span class='ocrx_word' id='word_1_63' title='bbox 954 1493 1012 1561; x_wconf 80' lang='grc' dir='ltr'><strong><em>καί</em></strong></span> <span class='ocrx_word' id='word_1_64' title='bbox 1030 1494 1159 1582; x_wconf 82' lang='grc' dir='ltr'><strong><em>μακράς</em></strong></span> <span class='ocrx_word' id='word_1_65' title='bbox 1179 1489 1246 1562; x_wconf 85' lang='grc' dir='ltr'><strong><em>Εό-</em></strong></span> <span class='ocrx_word' id='word_1_66' title='bbox 1260 1520 1287 1560; x_wconf 80' lang='grc' dir='ltr'><strong><em>ιο</em></strong></span> 
     </span>
     <span class='ocr_line' id='line_1_12' title="bbox 87 1607 1247 1706; baseline -0.011 -21"><span class='ocrx_word' id='word_1_67' title='bbox 87 1611 258 1706; x_wconf 79' lang='grc' dir='ltr'><strong><em>ρωπίας”.</em></strong></span> <span class='ocrx_word' id='word_1_68' title='bbox 293 1615 351 1682; x_wconf 85' lang='grc' dir='ltr'><strong><em>καί</em></strong></span> <span class='ocrx_word' id='word_1_69' title='bbox 369 1608 556 1700; x_wconf 82' lang='grc' dir='ltr'><strong><em>Εὐριπίδης</em></strong></span> <span class='ocrx_word' id='word_1_70' title='bbox 578 1607 614 1678; x_wconf 78' lang='grc' dir='ltr'><strong><em>λυ</em></strong></span> <span class='ocrx_word' id='word_1_71' title='bbox 638 1615 742 1699; x_wconf 86' lang='grc' dir='ltr'><strong><em>Θησεῖ</em></strong></span> <span class='ocrx_word' id='word_1_72' title='bbox 764 1611 907 1703; x_wconf 71' lang='grc' dir='ltr'><strong><em>ασχεδὸν</em></strong></span> <span class='ocrx_word' id='word_1_73' title='bbox 928 1608 1007 1700; x_wconf 84' lang='grc' dir='ltr'><strong><em>παρ’</em></strong></span> <span class='ocrx_word' id='word_1_74' title='bbox 1032 1608 1145 1692; x_wconf 76' lang='grc' dir='ltr'><strong><em>αὐτοῖς</em></strong></span> <span class='ocrx_word' id='word_1_75' title='bbox 1166 1636 1247 1701; x_wconf 84' lang='grc' dir='ltr'><strong><em>κρα.</em></strong></span> 
     </span>
     <span class='ocr_line' id='line_1_13' title="bbox 88 1724 1248 1824; baseline -0.006 -17"><span class='ocrx_word' id='word_1_76' title='bbox 88 1736 230 1816; x_wconf 77' lang='grc' dir='ltr'><strong><em>σπέδοις</em></strong></span> <span class='ocrx_word' id='word_1_77' title='bbox 250 1725 469 1824; x_wconf 80' lang='grc' dir='ltr'><strong><em>Εὐρωπίας”.</em></strong></span> <span class='ocrx_word' id='word_1_78' title='bbox 516 1724 534 1799; x_wconf 86' lang='grc' dir='ltr'><strong><em>ό</em></strong></span> <span class='ocrx_word' id='word_1_79' title='bbox 564 1727 665 1801; x_wconf 85' lang='grc' dir='ltr'><strong><em>οίκῶν</em></strong></span> <span class='ocrx_word' id='word_1_80' title='bbox 690 1727 904 1819; x_wconf 79' lang='grc' dir='ltr'><strong><em>Εὖρωπαῖος,</em></strong></span> <span class='ocrx_word' id='word_1_81' title='bbox 933 1732 991 1800; x_wconf 83' lang='grc' dir='ltr'><strong><em>καί</em></strong></span> <span class='ocrx_word' id='word_1_82' title='bbox 1017 1730 1165 1818; x_wconf 83' lang='grc' dir='ltr'><strong><em>θηλυκόν</em></strong></span> <span class='ocrx_word' id='word_1_83' title='bbox 1191 1731 1248 1800; x_wconf 78' lang='grc' dir='ltr'><strong><em>καί</em></strong></span> 
     </span>
     <span class='ocr_line' id='line_1_14' title="bbox 87 1845 549 1942; baseline -0.022 -16"><span class='ocrx_word' id='word_1_84' title='bbox 87 1852 279 1942; x_wconf 78' lang='grc' dir='ltr'><strong><em>οόδέτερον,</em></strong></span> <span class='ocrx_word' id='word_1_85' title='bbox 302 1849 359 1919; x_wconf 82' lang='grc' dir='ltr'><strong><em>καὶ</em></strong></span> <span class='ocrx_word' id='word_1_86' title='bbox 379 1845 549 1938; x_wconf 80' lang='grc' dir='ltr'><strong><em>Εὖρωπίς.</em></strong></span> 
     </span>
    </p>

    <p class='ocr_par' dir='ltr' id='par_1_6' title="bbox 85 1964 1286 2544">
     <span class='ocr_line' id='line_1_15' title="bbox 174 1964 1247 2063; baseline -0.007 -20"><span class='ocrx_word' id='word_1_87' title='bbox 174 1967 350 2063; x_wconf 85' lang='grc' dir='ltr'><strong><em>Εόρωπό</em></strong></span> <span class='ocrx_word' id='word_1_88' title='bbox 358 1996 392 2052; x_wconf 86' lang='grc' dir='ltr'><strong><em>ς,</em></strong></span> <span class='ocrx_word' id='word_1_89' title='bbox 420 1965 522 2048; x_wconf 87' lang='grc' dir='ltr'><strong><em>πόλις</em></strong></span> <span class='ocrx_word' id='word_1_90' title='bbox 543 1965 777 2048; x_wconf 83' lang='grc' dir='ltr'><strong><em>Μακεδονίας,</em></strong></span> <span class='ocrx_word' id='word_1_91' title='bbox 801 1964 872 2038; x_wconf 77' lang='grc' dir='ltr'><strong><em>ἀπὸ</em></strong></span> <span class='ocrx_word' id='word_1_92' title='bbox 895 1967 1063 2061; x_wconf 78' lang='grc' dir='ltr'><strong><em>Εὐρωποῦ</em></strong></span> <span class='ocrx_word' id='word_1_93' title='bbox 1082 1974 1144 2039; x_wconf 85' lang='grc' dir='ltr'><strong><em>τοῦ</em></strong></span> <span class='ocrx_word' id='word_1_94' title='bbox 1165 1976 1247 2040; x_wconf 85' lang='grc' dir='ltr'><strong><em>Μα-</em></strong></span> 
     </span>
     <span class='ocr_line' id='line_1_16' title="bbox 88 2083 1286 2182; baseline -0.008 -19"><span class='ocrx_word' id='word_1_95' title='bbox 88 2089 226 2174; x_wconf 85' lang='grc' dir='ltr'><strong><em>κεδόνος</em></strong></span> <span class='ocrx_word' id='word_1_96' title='bbox 246 2092 305 2160; x_wconf 83' lang='grc' dir='ltr'><strong><em>καί</em></strong></span> <span class='ocrx_word' id='word_1_97' title='bbox 321 2086 515 2181; x_wconf 77' lang='grc' dir='ltr'><strong><em>Ὠρειθυίας</em></strong></span> <span class='ocrx_word' id='word_1_98' title='bbox 535 2091 595 2178; x_wconf 74' lang='grc' dir='ltr'><strong><em>τῆς</em></strong></span> <span class='ocrx_word' id='word_1_99' title='bbox 616 2088 804 2177; x_wconf 78' lang='grc' dir='ltr'><strong><em>Κέκροπος.</em></strong></span> <span class='ocrx_word' id='word_1_100' title='bbox 836 2084 908 2157; x_wconf 71' lang='grc' dir='ltr'><strong><em>ἔστι</em></strong></span> <span class='ocrx_word' id='word_1_101' title='bbox 929 2090 987 2159; x_wconf 82' lang='grc' dir='ltr'><strong><em>καὶ</em></strong></span> <span class='ocrx_word' id='word_1_102' title='bbox 1008 2088 1132 2182; x_wconf 85' lang='grc' dir='ltr'><strong><em>Συρίας</em></strong></span> <span class='ocrx_word' id='word_1_103' title='bbox 1151 2083 1246 2177; x_wconf 85' lang='grc' dir='ltr'><strong><em>όίλλη.</em></strong></span> <span class='ocrx_word' id='word_1_104' title='bbox 1261 2113 1286 2154; x_wconf 84' lang='grc' dir='ltr'><strong><em>ιε</em></strong></span> 
     </span>
     <span class='ocr_line' id='line_1_17' title="bbox 89 2197 1248 2301; baseline -0.005 -19"><span class='ocrx_word' id='word_1_105' title='bbox 89 2214 130 2282; x_wconf 82' lang='grc' dir='ltr'><strong><em>τὸ</em></strong></span> <span class='ocrx_word' id='word_1_106' title='bbox 152 2210 288 2281; x_wconf 77' lang='grc' dir='ltr'><strong><em>λθνικδν</em></strong></span> <span class='ocrx_word' id='word_1_107' title='bbox 309 2205 522 2299; x_wconf 81' lang='grc' dir='ltr'><strong><em>Εὐρωπαῖος.</em></strong></span> <span class='ocrx_word' id='word_1_108' title='bbox 566 2203 639 2274; x_wconf 77' lang='grc' dir='ltr'><strong><em>ἔστι</em></strong></span> <span class='ocrx_word' id='word_1_109' title='bbox 665 2208 725 2275; x_wconf 82' lang='grc' dir='ltr'><strong><em>καὶ</em></strong></span> <span class='ocrx_word' id='word_1_110' title='bbox 745 2201 831 2296; x_wconf 80' lang='grc' dir='ltr'><strong><em>άλλη</em></strong></span> <span class='ocrx_word' id='word_1_111' title='bbox 844 2197 1001 2301; x_wconf 86' lang='grc' dir='ltr'><strong><em>Καρίας,</em></strong></span> <span class='ocrx_word' id='word_1_112' title='bbox 1032 2202 1075 2300; x_wconf 75' lang='grc' dir='ltr'><strong><em>ἢν</em></strong></span> <span class='ocrx_word' id='word_1_113' title='bbox 1096 2205 1248 2299; x_wconf 81' lang='grc' dir='ltr'><strong><em>Ἰδριάδα</em></strong></span> 
     </span>
     <span class='ocr_line' id='line_1_18' title="bbox 89 2321 1249 2422; baseline -0.008 -18"><span class='ocrx_word' id='word_1_114' title='bbox 89 2330 161 2404; x_wconf 84' lang='grc' dir='ltr'><strong><em>άπδ</em></strong></span> <span class='ocrx_word' id='word_1_115' title='bbox 191 2328 338 2422; x_wconf 77' lang='grc' dir='ltr'><strong><em>Ἱδριέως</em></strong></span> <span class='ocrx_word' id='word_1_116' title='bbox 376 2331 437 2395; x_wconf 83' lang='grc' dir='ltr'><strong><em>τοῦ</em></strong></span> <span class='ocrx_word' id='word_1_117' title='bbox 472 2322 683 2418; x_wconf 87' lang='grc' dir='ltr'><strong><em>Χρυσάορος.</em></strong></span> <span class='ocrx_word' id='word_1_118' title='bbox 734 2329 774 2397; x_wconf 84' lang='grc' dir='ltr'><strong><em>τὸ</em></strong></span> <span class='ocrx_word' id='word_1_119' title='bbox 812 2328 949 2399; x_wconf 77' lang='grc' dir='ltr'><strong><em>δθνικὸν</em></strong></span> <span class='ocrx_word' id='word_1_120' title='bbox 983 2325 1166 2419; x_wconf 76' lang='grc' dir='ltr'><strong><em>Εὐρώπιος</em></strong></span> <span class='ocrx_word' id='word_1_121' title='bbox 1202 2321 1249 2408; x_wconf 86' lang='grc' dir='ltr'><strong><em>ώς</em></strong></span> 
     </span>
     <span class='ocr_line' id='line_1_19' title="bbox 85 2449 263 2544; baseline -0.051 -20"><span class='ocrx_word' id='word_1_122' title='bbox 85 2449 263 2544; x_wconf 81' lang='grc' dir='ltr'><strong><em>Ὠρώπιος.</em></strong></span> 
     </span>
    </p>

    <p class='ocr_par' dir='ltr' id='par_1_7' title="bbox 88 2555 1287 2776">
     <span class='ocr_line' id='line_1_20' title="bbox 174 2555 1280 2657; baseline -0.006 -19"><span class='ocrx_word' id='word_1_123' title='bbox 174 2563 348 2649; x_wconf 79' lang='grc' dir='ltr'><strong><em>Εόταια,</em></strong></span> <span class='ocrx_word' id='word_1_124' title='bbox 384 2561 485 2646; x_wconf 90' lang='grc' dir='ltr'><strong><em>πόλις</em></strong></span> <span class='ocrx_word' id='word_1_125' title='bbox 514 2562 708 2653; x_wconf 80' lang='grc' dir='ltr'><strong><em>Ἀρκαδίας,</em></strong></span> <span class='ocrx_word' id='word_1_126' title='bbox 736 2566 898 2657; x_wconf 82' lang='grc' dir='ltr'><strong><em>Ξενοφῶν</em></strong></span> <span class='ocrx_word' id='word_1_127' title='bbox 923 2560 1124 2653; x_wconf 74' lang='grc' dir='ltr'><strong><em>Ἑλληνικῶν</em></strong></span> <span class='ocrx_word' id='word_1_128' title='bbox 1153 2555 1280 2652; x_wconf 63' lang='grc' dir='ltr'><strong><em>ἕταρ’</em></strong></span> 
     </span>
     <span class='ocr_line' id='line_1_21' title="bbox 88 2679 1287 2776; baseline -0.009 -19"><span class='ocrx_word' id='word_1_129' title='bbox 88 2689 128 2758; x_wconf 83' lang='grc' dir='ltr'><strong><em>τό</em></strong></span> <span class='ocrx_word' id='word_1_130' title='bbox 151 2686 290 2758; x_wconf 81' lang='grc' dir='ltr'><strong><em>ίθνικδν</em></strong></span> <span class='ocrx_word' id='word_1_131' title='bbox 310 2681 487 2767; x_wconf 81' lang='grc' dir='ltr'><strong><em>Είπαιεάς,</em></strong></span> <span class='ocrx_word' id='word_1_132' title='bbox 510 2679 557 2765; x_wconf 88' lang='grc' dir='ltr'><strong><em>ῶς</em></strong></span> <span class='ocrx_word' id='word_1_133' title='bbox 572 2680 734 2776; x_wconf 81' lang='grc' dir='ltr'><strong><em>Ἡραιεύς</em></strong></span> <span class='ocrx_word' id='word_1_134' title='bbox 758 2679 945 2764; x_wconf 82' lang='grc' dir='ltr'><strong><em>Θωκαιεός.</em></strong></span> <span class='ocrx_word' id='word_1_135' title='bbox 1261 2706 1287 2746; x_wconf 79' lang='grc' dir='ltr'><strong><em>ιο</em></strong></span> 
     </span>
    </p>

    <p class='ocr_par' dir='ltr' id='par_1_8' title="bbox 90 2794 1249 3131">
     <span class='ocr_line' id='line_1_22' title="bbox 175 2794 1249 2896; baseline -0.004 -22"><span class='ocrx_word' id='word_1_136' title='bbox 175 2799 392 2894; x_wconf 77' lang='grc' dir='ltr'><strong><em>Εἷίτρησις,</em></strong></span> <span class='ocrx_word' id='word_1_137' title='bbox 413 2799 506 2891; x_wconf 82' lang='grc' dir='ltr'><strong><em>κώμη</em></strong></span> <span class='ocrx_word' id='word_1_138' title='bbox 529 2799 742 2892; x_wconf 89' lang='grc' dir='ltr'><strong><em>[Βοιωτίας].</em></strong></span> <span class='ocrx_word' id='word_1_139' title='bbox 773 2800 919 2892; x_wconf 72' lang='grc' dir='ltr'><strong><em>’Όμηρος</em></strong></span> <span class='ocrx_word' id='word_1_140' title='bbox 942 2797 1101 2896; x_wconf 69' lang='grc' dir='ltr'><strong><em>αΚώπας</em></strong></span> <span class='ocrx_word' id='word_1_141' title='bbox 1121 2794 1249 2892; x_wconf 80' lang='grc' dir='ltr'><strong><em>Εότρη-</em></strong></span> 
     </span>
     <span class='ocr_line' id='line_1_23' title="bbox 90 2918 1248 3013; baseline -0.004 -17"><span class='ocrx_word' id='word_1_142' title='bbox 90 2923 144 2996; x_wconf 92' lang='grc' dir='ltr'><strong><em>σίν</em></strong></span> <span class='ocrx_word' id='word_1_143' title='bbox 165 2918 239 2992; x_wconf 81' lang='grc' dir='ltr'><strong><em>τε”.</em></strong></span> <span class='ocrx_word' id='word_1_144' title='bbox 274 2927 383 2991; x_wconf 83' lang='grc' dir='ltr'><strong><em>κεῖται</em></strong></span> <span class='ocrx_word' id='word_1_145' title='bbox 404 2923 442 2992; x_wconf 78' lang='grc' dir='ltr'><strong><em>δὲ</em></strong></span> <span class='ocrx_word' id='word_1_146' title='bbox 464 2921 559 3013; x_wconf 79' lang='grc' dir='ltr'><strong><em>παρὰ</em></strong></span> <span class='ocrx_word' id='word_1_147' title='bbox 580 2922 641 3011; x_wconf 77' lang='grc' dir='ltr'><strong><em>την</em></strong></span> <span class='ocrx_word' id='word_1_148' title='bbox 663 2918 744 2992; x_wconf 84' lang='grc' dir='ltr'><strong><em>ὁδδν</em></strong></span> <span class='ocrx_word' id='word_1_149' title='bbox 764 2921 825 3010; x_wconf 79' lang='grc' dir='ltr'><strong><em>την</em></strong></span> <span class='ocrx_word' id='word_1_150' title='bbox 846 2921 883 2992; x_wconf 73' lang='grc' dir='ltr'><strong><em>ἐκ</em></strong></span> <span class='ocrx_word' id='word_1_151' title='bbox 907 2922 1066 2992; x_wconf 83' lang='grc' dir='ltr'><strong><em>Θεσπιῶν</em></strong></span> <span class='ocrx_word' id='word_1_152' title='bbox 1088 2918 1136 3004; x_wconf 84' lang='grc' dir='ltr'><strong><em>είς</em></strong></span> <span class='ocrx_word' id='word_1_153' title='bbox 1150 2923 1248 2991; x_wconf 85' lang='grc' dir='ltr'><strong><em>Πλα-</em></strong></span> 
     </span>
     <span class='ocr_line' id='line_1_24' title="bbox 90 3035 1248 3131; baseline -0.002 -21"><span class='ocrx_word' id='word_1_154' title='bbox 90 3041 190 3124; x_wconf 84' lang='grc' dir='ltr'><strong><em>ταιάς</em></strong></span> <span class='ocrx_word' id='word_1_155' title='bbox 217 3035 431 3127; x_wconf 73' lang='grc' dir='ltr'><strong><em>ἀπάγουσαι,</em></strong></span> <span class='ocrx_word' id='word_1_156' title='bbox 458 3035 499 3131; x_wconf 73' lang='grc' dir='ltr'><strong><em>ἣν</em></strong></span> <span class='ocrx_word' id='word_1_157' title='bbox 525 3041 664 3127; x_wconf 75' lang='grc' dir='ltr'><strong><em>ἐτείχισε</em></strong></span> <span class='ocrx_word' id='word_1_158' title='bbox 687 3045 807 3131; x_wconf 83' lang='grc' dir='ltr'><strong><em>Ζῆθος</em></strong></span> <span class='ocrx_word' id='word_1_159' title='bbox 834 3041 890 3109; x_wconf 87' lang='grc' dir='ltr'><strong><em>καί</em></strong></span> <span class='ocrx_word' id='word_1_160' title='bbox 912 3036 1075 3131; x_wconf 87' lang='grc' dir='ltr'><strong><em>Ἀμφίων.</em></strong></span> <span class='ocrx_word' id='word_1_161' title='bbox 1119 3037 1248 3130; x_wconf 76' lang='grc' dir='ltr'><strong><em>ἐκλήθη</em></strong></span> 
     </span>
    </p>
   </div>
   <div class='ocr_carea' id='block_1_3' title="bbox 92 3147 1247 3252">
    <p class='ocr_par' dir='ltr' id='par_1_9' title="bbox 92 3147 1247 3252">
     <span class='ocr_line' id='line_1_25' title="bbox 92 3147 1247 3252; baseline -0.003 -22"><span class='ocrx_word' id='word_1_162' title='bbox 92 3163 129 3232; x_wconf 79' lang='grc' dir='ltr'><strong><em>δὲ</em></strong></span> <span class='ocrx_word' id='word_1_163' title='bbox 143 3156 307 3252; x_wconf 72' lang='grc' dir='ltr'><strong><em>Εὔτρησις</em></strong></span> <span class='ocrx_word' id='word_1_164' title='bbox 324 3147 437 3228; x_wconf 79' lang='grc' dir='ltr'><strong><em>διάτδ</em></strong></span> <span class='ocrx_word' id='word_1_165' title='bbox 454 3161 597 3242; x_wconf 82' lang='grc' dir='ltr'><strong><em>πολλαῖς</em></strong></span> <span class='ocrx_word' id='word_1_166' title='bbox 613 3156 716 3250; x_wconf 74' lang='grc' dir='ltr'><strong><em>αὐτην</em></strong></span> <span class='ocrx_word' id='word_1_167' title='bbox 731 3156 894 3250; x_wconf 90' lang='grc' dir='ltr'><strong><em>πρότερον</em></strong></span> <span class='ocrx_word' id='word_1_168' title='bbox 907 3155 1103 3249; x_wconf 78' lang='grc' dir='ltr'><strong><em>χρήσασθαι</em></strong></span> <span class='ocrx_word' id='word_1_169' title='bbox 1118 3156 1247 3246; x_wconf 82' lang='grc' dir='ltr'><strong><em>ῥύμαις,</em></strong></span> 
     </span>
    </p>
   </div>
   <div class='ocr_carea' id='block_1_4' title="bbox 89 3383 1272 4486">
    <p class='ocr_par' dir='ltr' id='par_1_10' title="bbox 89 3383 1272 4486">
     <span class='ocr_line' id='line_1_26' title="bbox 91 3383 1249 3472; baseline -0.002 -25"><span class='ocrx_word' id='word_1_170' title='bbox 91 3395 120 3447; x_wconf 95' lang='grc'><strong><em>1.</em></strong></span> <span class='ocrx_word' id='word_1_171' title='bbox 142 3383 331 3462; x_wconf 84' lang='grc' dir='ltr'><strong><em>Θεσσαλίας]</em></strong></span> <span class='ocrx_word' id='word_1_172' title='bbox 364 3388 432 3446; x_wconf 82' lang='lat' dir='ltr'><strong>Fuit</strong></span> <span class='ocrx_word' id='word_1_173' title='bbox 461 3392 547 3449; x_wconf 78' lang='lat' dir='ltr'><strong>etiam</strong></span> <span class='ocrx_word' id='word_1_174' title='bbox 575 3392 658 3472; x_wconf 81' lang='lat' dir='ltr'>Epiri</span> <span class='ocrx_word' id='word_1_175' title='bbox 690 3394 756 3450; x_wconf 79' lang='lat' dir='ltr'>urbs</span> <span class='ocrx_word' id='word_1_176' title='bbox 785 3392 976 3466; x_wconf 76' lang='lat' dir='ltr'><strong>Eurymenae.</strong></span> <span class='ocrx_word' id='word_1_177' title='bbox 1012 3409 1036 3447; x_wconf 85' lang='grc' dir='ltr'><strong><em>ι.</em></strong></span> <span class='ocrx_word' id='word_1_178' title='bbox 1057 3388 1183 3447; x_wconf 75' lang='lat' dir='ltr'><strong>wessel.</strong></span> <span class='ocrx_word' id='word_1_179' title='bbox 1210 3387 1249 3445; x_wconf 85' lang='lat' dir='ltr'><strong><em>ad</em></strong></span> 
     </span>
     <span class='ocr_line' id='line_1_27' title="bbox 89 3474 1171 3552; baseline 0 -12"><span class='ocrx_word' id='word_1_180' title='bbox 89 3483 176 3542; x_wconf 84' lang='lat' dir='ltr'><strong>Diod.</strong></span> <span class='ocrx_word' id='word_1_181' title='bbox 197 3487 250 3549; x_wconf 87' lang='grc'><strong><em>19,</em></strong></span> <span class='ocrx_word' id='word_1_182' title='bbox 275 3485 324 3540; x_wconf 86' lang='grc'><strong><em>88.</em></strong></span> <span class='ocrx_word' id='word_1_183' title='bbox 441 3487 469 3541; x_wconf 87' lang='grc'><strong><em>3.</em></strong></span> <span class='ocrx_word' id='word_1_184' title='bbox 489 3479 666 3543; x_wconf 71' lang='grc' dir='ltr'><strong><em>Αἰτωλικόν</em></strong></span> <span class='ocrx_word' id='word_1_185' title='bbox 692 3485 898 3552; x_wconf 77' lang='lat' dir='ltr'>Casaubonus,</span> <span class='ocrx_word' id='word_1_186' title='bbox 924 3474 1073 3540; x_wconf 81' lang='grc' dir='ltr'><strong><em>Ἰταλικόν</em></strong></span> <span class='ocrx_word' id='word_1_187' title='bbox 1096 3481 1171 3540; x_wconf 80' lang='lat' dir='ltr'><strong>libri.</strong></span> 
     </span>
     <span class='ocr_line' id='line_1_28' title="bbox 90 3568 1250 3656; baseline -0.002 -22"><span class='ocrx_word' id='word_1_188' title='bbox 90 3568 288 3653; x_wconf 78' lang='grc' dir='ltr'><strong><em>Λυκόφρων]</em></strong></span> <span class='ocrx_word' id='word_1_189' title='bbox 310 3593 351 3633; x_wconf 80' lang='grc' dir='ltr'><strong><em>κε.</em></strong></span> <span class='ocrx_word' id='word_1_190' title='bbox 363 3579 430 3636; x_wconf 85' lang='grc'><strong><em>799.</em></strong></span> <span class='ocrx_word' id='word_1_191' title='bbox 529 3578 557 3636; x_wconf 77' lang='grc'><strong><em>1.</em></strong></span> <span class='ocrx_word' id='word_1_192' title='bbox 570 3571 762 3656; x_wconf 85' lang='grc' dir='ltr'><strong><em>Εόρυτανῶν</em></strong></span> <span class='ocrx_word' id='word_1_193' title='bbox 780 3577 868 3644; x_wconf 86' lang='lat' dir='ltr'><strong>ARV,</strong></span> <span class='ocrx_word' id='word_1_194' title='bbox 889 3569 1049 3651; x_wconf 44' lang='grc' dir='ltr'><strong><em>Εὐρωταν»</em></strong></span> <span class='ocrx_word' id='word_1_195' title='bbox 1064 3577 1098 3634; x_wconf 95' lang='lat' dir='ltr'><strong>A.</strong></span> <span class='ocrx_word' id='word_1_196' title='bbox 1195 3569 1250 3634; x_wconf 84' lang='grc' dir='ltr'><strong><em>τόν</em></strong></span> 
     </span>
     <span class='ocr_line' id='line_1_29' title="bbox 91 3657 1249 3743; baseline 0.002 -19"><span class='ocrx_word' id='word_1_197' title='bbox 91 3671 127 3728; x_wconf 88' lang='lat' dir='ltr'><strong><em>R.</em></strong></span> <span class='ocrx_word' id='word_1_198' title='bbox 204 3657 321 3724; x_wconf 80' lang='grc' dir='ltr'><strong><em>Αίνιάν</em></strong></span> <span class='ocrx_word' id='word_1_199' title='bbox 343 3669 379 3735; x_wconf 83' lang='grc' dir='ltr'><strong><em>Η,</em></strong></span> <span class='ocrx_word' id='word_1_200' title='bbox 399 3662 551 3726; x_wconf 80' lang='grc' dir='ltr'><strong><em>Αλνιανόν</em></strong></span> <span class='ocrx_word' id='word_1_201' title='bbox 570 3671 645 3729; x_wconf 84' lang='lat' dir='ltr'><strong>libri.</strong></span> <span class='ocrx_word' id='word_1_202' title='bbox 723 3674 752 3728; x_wconf 84' lang='grc'><strong><em>8.</em></strong></span> <span class='ocrx_word' id='word_1_203' title='bbox 768 3663 913 3736; x_wconf 78' lang='grc' dir='ltr'><strong><em>Φοίνικος</em></strong></span> <span class='ocrx_word' id='word_1_204' title='bbox 933 3665 1035 3736; x_wconf 72' lang='lat' dir='ltr'>ERV,</span> <span class='ocrx_word' id='word_1_205' title='bbox 1058 3663 1202 3743; x_wconf 79' lang='grc' dir='ltr'><strong><em>Φοινίκης</em></strong></span> <span class='ocrx_word' id='word_1_206' title='bbox 1216 3671 1249 3726; x_wconf 88' lang='lat' dir='ltr'><strong>A.</strong></span> 
     </span>
     <span class='ocr_line' id='line_1_30' title="bbox 90 3753 1251 3841; baseline -0.001 -22"><span class='ocrx_word' id='word_1_207' title='bbox 90 3753 193 3837; x_wconf 77' lang='grc' dir='ltr'><strong><em>ἢεδδ.</em></strong></span> <span class='ocrx_word' id='word_1_208' title='bbox 206 3759 243 3818; x_wconf 90' lang='grc' dir='ltr'><strong><em>Β.</em></strong></span> <span class='ocrx_word' id='word_1_209' title='bbox 326 3754 581 3839; x_wconf 76' lang='grc' dir='ltr'><strong><em>9.Ἀηη’νωροςΕ.</em></strong></span> <span class='ocrx_word' id='word_1_210' title='bbox 661 3770 708 3824; x_wconf 87' lang='grc'><strong><em>10.</em></strong></span> <span class='ocrx_word' id='word_1_211' title='bbox 722 3755 873 3838; x_wconf 86' lang='grc' dir='ltr'><strong><em>νησιώτης</em></strong></span> <span class='ocrx_word' id='word_1_212' title='bbox 883 3763 920 3819; x_wconf 88' lang='lat' dir='ltr'><strong>V.</strong></span> <span class='ocrx_word' id='word_1_213' title='bbox 1000 3758 1251 3841; x_wconf 74' lang='grc' dir='ltr'><strong><em>οοοιιεμακρῶςλ</em></strong></span> 
     </span>
     <span class='ocr_line' id='line_1_31' title="bbox 92 3846 1251 3934; baseline 0.002 -24"><span class='ocrx_word' id='word_1_214' title='bbox 92 3855 119 3910; x_wconf 85' lang='lat' dir='ltr'><strong><em>in</em></strong></span> <span class='ocrx_word' id='word_1_215' title='bbox 139 3852 326 3928; x_wconf 72' lang='lat' dir='ltr'><strong>sequentium</strong></span> <span class='ocrx_word' id='word_1_216' title='bbox 339 3862 402 3912; x_wconf 77' lang='lat' dir='ltr'><strong>erat</strong></span> <span class='ocrx_word' id='word_1_217' title='bbox 415 3852 493 3912; x_wconf 78' lang='lat' dir='ltr'>haud</span> <span class='ocrx_word' id='word_1_218' title='bbox 508 3854 594 3915; x_wconf 81' lang='lat' dir='ltr'><strong>dubie</strong></span> <span class='ocrx_word' id='word_1_219' title='bbox 608 3849 774 3934; x_wconf 73' lang='grc' dir='ltr'><strong><em>οἰκήτορας</em></strong></span> <span class='ocrx_word' id='word_1_220' title='bbox 795 3853 838 3912; x_wconf 84' lang='lat' dir='ltr'><strong><em>vei</em></strong></span> <span class='ocrx_word' id='word_1_221' title='bbox 859 3853 952 3912; x_wconf 71' lang='lat' dir='ltr'><strong>simile</strong></span> <span class='ocrx_word' id='word_1_222' title='bbox 973 3853 1052 3928; x_wconf 87' lang='lat' dir='ltr'><strong>quid.</strong></span> <span class='ocrx_word' id='word_1_223' title='bbox 1132 3856 1178 3912; x_wconf 88' lang='grc'><strong><em>14.</em></strong></span> <span class='ocrx_word' id='word_1_224' title='bbox 1193 3846 1251 3930; x_wconf 63' lang='grc' dir='ltr'><strong><em>Εός</em></strong></span> 
     </span>
     <span class='ocr_line' id='line_1_32' title="bbox 91 3937 1212 4022; baseline 0.001 -18"><span class='ocrx_word' id='word_1_225' title='bbox 91 3945 197 4021; x_wconf 84' lang='grc' dir='ltr'><strong><em>ρωπυῦ</em></strong></span> <span class='ocrx_word' id='word_1_226' title='bbox 217 3946 255 4013; x_wconf 78' lang='grc' dir='ltr'><strong><em>Κ,</em></strong></span> <span class='ocrx_word' id='word_1_227' title='bbox 283 3937 437 4022; x_wconf 76' lang='grc' dir='ltr'><strong><em>Εὐρώπου</em></strong></span> <span class='ocrx_word' id='word_1_228' title='bbox 457 3949 491 4004; x_wconf 88' lang='lat' dir='ltr'><strong>A.</strong></span> <span class='ocrx_word' id='word_1_229' title='bbox 609 3951 656 4007; x_wconf 85' lang='lat'><strong>15.</strong></span> <span class='ocrx_word' id='word_1_230' title='bbox 678 3945 729 4005; x_wconf 81' lang='grc' dir='ltr'><strong><em>καί</em></strong></span> <span class='ocrx_word' id='word_1_231' title='bbox 750 3948 819 4006; x_wconf 81' lang='lat' dir='ltr'><strong>add.</strong></span> <span class='ocrx_word' id='word_1_232' title='bbox 839 3949 877 4006; x_wconf 86' lang='lat' dir='ltr'><strong>X.</strong></span> <span class='ocrx_word' id='word_1_233' title='bbox 990 3939 1158 4020; x_wconf 79' lang='grc' dir='ltr'><strong><em>Ὠρυθείας</em></strong></span> <span class='ocrx_word' id='word_1_234' title='bbox 1176 3950 1212 4006; x_wconf 85' lang='lat' dir='ltr'><strong>R.</strong></span> 
     </span>
     <span class='ocr_line' id='line_1_33' title="bbox 92 4031 1252 4120; baseline 0.002 -24"><span class='ocrx_word' id='word_1_235' title='bbox 92 4041 140 4096; x_wconf 83' lang='grc'><strong><em>16.</em></strong></span> <span class='ocrx_word' id='word_1_236' title='bbox 148 4034 287 4116; x_wconf 84' lang='grc' dir='ltr'><strong><em>Καρίας]</em></strong></span> <span class='ocrx_word' id='word_1_237' title='bbox 303 4038 406 4120; x_wconf 68' lang='grc' dir='ltr'><strong><em>αΗεεε</em></strong></span> <span class='ocrx_word' id='word_1_238' title='bbox 417 4038 519 4098; x_wconf 81' lang='lat' dir='ltr'><strong>eadem</strong></span> <span class='ocrx_word' id='word_1_239' title='bbox 533 4050 578 4099; x_wconf 84' lang='lat' dir='ltr'><strong><em>est</em></strong></span> <span class='ocrx_word' id='word_1_240' title='bbox 589 4059 665 4117; x_wconf 81' lang='lat' dir='ltr'>quae</span> <span class='ocrx_word' id='word_1_241' title='bbox 678 4059 767 4119; x_wconf 76' lang='lat' dir='ltr'>supra</span> <span class='ocrx_word' id='word_1_242' title='bbox 778 4032 945 4099; x_wconf 80' lang='lat' dir='ltr'>Euromus&#39;&#39;</span> <span class='ocrx_word' id='word_1_243' title='bbox 957 4031 993 4096; x_wconf 83' lang='lat' dir='ltr'><strong>B.</strong></span> <span class='ocrx_word' id='word_1_244' title='bbox 1062 4045 1109 4100; x_wconf 88' lang='lat'><strong>17.</strong></span> <span class='ocrx_word' id='word_1_245' title='bbox 1118 4034 1252 4117; x_wconf 70' lang='grc' dir='ltr'><strong><em>Ἱδριέως</em></strong></span> 
     </span>
     <span class='ocr_line' id='line_1_34' title="bbox 93 4121 1250 4214; baseline 0.003 -28"><span class='ocrx_word' id='word_1_246' title='bbox 93 4131 129 4200; x_wconf 86' lang='lat' dir='ltr'><strong><em>ii,</em></strong></span> <span class='ocrx_word' id='word_1_247' title='bbox 143 4121 257 4207; x_wconf 86' lang='grc' dir='ltr'><strong><em>Ἴδριος</em></strong></span> <span class='ocrx_word' id='word_1_248' title='bbox 276 4129 351 4187; x_wconf 81' lang='lat' dir='ltr'><strong>libri.</strong></span> <span class='ocrx_word' id='word_1_249' title='bbox 431 4134 479 4191; x_wconf 84' lang='grc'><strong><em>18.</em></strong></span> <span class='ocrx_word' id='word_1_250' title='bbox 490 4125 637 4206; x_wconf 85' lang='grc' dir='ltr'><strong><em>Ὠρόπιυς</em></strong></span> <span class='ocrx_word' id='word_1_251' title='bbox 656 4131 731 4191; x_wconf 79' lang='lat' dir='ltr'><strong>libri.</strong></span> <span class='ocrx_word' id='word_1_252' title='bbox 810 4139 856 4194; x_wconf 91' lang='grc'><strong><em>19.</em></strong></span> <span class='ocrx_word' id='word_1_253' title='bbox 868 4125 990 4191; x_wconf 77' lang='grc' dir='ltr'><strong><em>Εὐταία</em></strong></span> <span class='ocrx_word' id='word_1_254' title='bbox 1006 4132 1081 4191; x_wconf 83' lang='lat' dir='ltr'><strong>iibri.</strong></span> <span class='ocrx_word' id='word_1_255' title='bbox 1158 4127 1250 4214; x_wconf 64' lang='grc' dir='ltr'><strong><em>ἕκτῳ]</em></strong></span> 
     </span>
     <span class='ocr_line' id='line_1_35' title="bbox 91 4216 1272 4294; baseline 0.003 -14"><span class='ocrx_word' id='word_1_256' title='bbox 91 4241 118 4281; x_wconf 85' lang='grc' dir='ltr'><strong><em>ε.</em></strong></span> <span class='ocrx_word' id='word_1_257' title='bbox 138 4227 166 4290; x_wconf 85' lang='grc'><strong><em>5,</em></strong></span> <span class='ocrx_word' id='word_1_258' title='bbox 188 4225 235 4290; x_wconf 88' lang='grc'><strong><em>12,</em></strong></span> <span class='ocrx_word' id='word_1_259' title='bbox 255 4226 295 4280; x_wconf 87' lang='grc'><strong><em>20</em></strong></span> <span class='ocrx_word' id='word_1_260' title='bbox 314 4232 342 4280; x_wconf 87' lang='lat' dir='ltr'><strong><em>et</em></strong></span> <span class='ocrx_word' id='word_1_261' title='bbox 361 4227 409 4282; x_wconf 92' lang='lat'><strong>21.</strong></span> <span class='ocrx_word' id='word_1_262' title='bbox 488 4228 536 4284; x_wconf 92' lang='grc'><strong><em>20.</em></strong></span> <span class='ocrx_word' id='word_1_263' title='bbox 560 4216 722 4292; x_wconf 78' lang='grc' dir='ltr'><strong><em>Θωκαιεός</em></strong></span> <span class='ocrx_word' id='word_1_264' title='bbox 741 4225 804 4294; x_wconf 86' lang='lat' dir='ltr'><strong><em>RV,</em></strong></span> <span class='ocrx_word' id='word_1_265' title='bbox 827 4219 976 4294; x_wconf 82' lang='grc' dir='ltr'><strong><em>Θωκαεός</em></strong></span> <span class='ocrx_word' id='word_1_266' title='bbox 995 4228 1029 4283; x_wconf 92' lang='lat' dir='ltr'><strong>A.</strong></span> <span class='ocrx_word' id='word_1_267' title='bbox 1112 4230 1161 4284; x_wconf 85' lang='lat'><strong>21.</strong></span> <span class='ocrx_word' id='word_1_268' title='bbox 1181 4217 1272 4284; x_wconf 79' lang='grc' dir='ltr'><strong><em>Βοι·’</em></strong></span> 
     </span>
     <span class='ocr_line' id='line_1_36' title="bbox 91 4305 1201 4395; baseline 0.004 -23"><span class='ocrx_word' id='word_1_269' title='bbox 91 4311 187 4382; x_wconf 84' lang='grc' dir='ltr'><strong><em>ωτίας</em></strong></span> <span class='ocrx_word' id='word_1_270' title='bbox 206 4312 275 4372; x_wconf 82' lang='lat' dir='ltr'><strong>add.</strong></span> <span class='ocrx_word' id='word_1_271' title='bbox 296 4313 336 4372; x_wconf 86' lang='lat' dir='ltr'><strong>M.</strong></span> <span class='ocrx_word' id='word_1_272' title='bbox 447 4305 600 4395; x_wconf 84' lang='grc' dir='ltr'><strong><em>Ὅμηρος]</em></strong></span> <span class='ocrx_word' id='word_1_273' title='bbox 620 4317 654 4374; x_wconf 87' lang='lat' dir='ltr'><strong>li.</strong></span> <span class='ocrx_word' id='word_1_274' title='bbox 675 4321 703 4385; x_wconf 91' lang='lat'><strong><em>2,</em></strong></span> <span class='ocrx_word' id='word_1_275' title='bbox 723 4321 790 4376; x_wconf 79' lang='lat'><strong>502.</strong></span> <span class='ocrx_word' id='word_1_276' title='bbox 908 4323 956 4376; x_wconf 90' lang='grc'><strong><em>22.</em></strong></span> <span class='ocrx_word' id='word_1_277' title='bbox 980 4313 1139 4374; x_wconf 78' lang='grc' dir='ltr'><strong><em>Θεσπειῶν</em></strong></span> <span class='ocrx_word' id='word_1_278' title='bbox 1163 4318 1201 4376; x_wconf 81' lang='lat' dir='ltr'><strong>V.</strong></span> 
     </span>
     <span class='ocr_line' id='line_1_37' title="bbox 90 4397 1251 4486; baseline 0 -20"><span class='ocrx_word' id='word_1_279' title='bbox 90 4410 140 4466; x_wconf 84' lang='grc'><strong><em>23.</em></strong></span> <span class='ocrx_word' id='word_1_280' title='bbox 155 4399 298 4482; x_wconf 82' lang='grc' dir='ltr'><strong><em>Ἀμφίων</em></strong></span> <span class='ocrx_word' id='word_1_281' title='bbox 316 4407 353 4476; x_wconf 84' lang='lat' dir='ltr'><strong><em>X,</em></strong></span> <span class='ocrx_word' id='word_1_282' title='bbox 367 4397 521 4485; x_wconf 84' lang='grc' dir='ltr'><strong><em>Ἀμφισυς</em></strong></span> <span class='ocrx_word' id='word_1_283' title='bbox 540 4409 614 4468; x_wconf 81' lang='lat' dir='ltr'><strong>iibri.</strong></span> <span class='ocrx_word' id='word_1_284' title='bbox 692 4411 741 4469; x_wconf 76' lang='grc'><strong><em>24.</em></strong></span> <span class='ocrx_word' id='word_1_285' title='bbox 754 4403 936 4486; x_wconf 78' lang='grc' dir='ltr'><strong><em>τρήσασθαι</em></strong></span> <span class='ocrx_word' id='word_1_286' title='bbox 950 4410 1015 4476; x_wconf 85' lang='lat' dir='ltr'><strong><em>BH,</em></strong></span> <span class='ocrx_word' id='word_1_287' title='bbox 1036 4409 1085 4485; x_wconf 81' lang='lat' dir='ltr'><strong><em>qui</em></strong></span> <span class='ocrx_word' id='word_1_288' title='bbox 1105 4409 1251 4470; x_wconf 78' lang='lat' dir='ltr'>debebant</span> 
     </span>
    </p>
   </div>
   <div class='ocr_carea' id='block_1_5' title="bbox 0 0 1463 5070">
    <p class='ocr_par' dir='ltr' id='par_1_11' title="bbox 0 0 1463 5070">
     <span class='ocr_line' id='line_1_38' title="bbox 0 0 1463 5070; baseline 0 0"><span class='ocrx_word' id='word_1_289' title='bbox 0 0 1463 5070; x_wconf 95' lang='lat' dir='ltr'><strong><em> </em></strong></span> 
     </span>
    </p>
   </div>
  </div>
 </body>
</html>
