2866 5092
784 453 808 524 4

220 632 267 714 είς
286 639 312 718 [a
329 629 491 718 ’Λμαντία
513 631 636 720 ἐλέχθη
658 632 752 720 παρὰ
769 629 948 722 Ἀντιγόνῳ
966 629 1001 698 ἓν
1017 634 1236 722 Μακεδονικῇ
1259 655 1376 719 περιη-

220 749 325 840 μῆσει.
365 748 581 834 Καλλίμαχος
603 751 640 818 δὲ
659 748 869 839 Ἀμαντίνην,
893 745 940 830 ὡς
962 749 1163 840 Λεοντίνην,
1187 746 1290 838 αὖτῆν
1312 747 1378 840 ἔφη

223 874 302 965 ακαί
320 868 515 959 ’Λμανιίνην
537 864 663 959 ῆίκισαν
681 865 861 958 Ὠρικίην”.

298 984 514 1079 Ἅβαρνος,
542 985 644 1068 πόλις
671 988 729 1055 καὶ
753 983 846 1075 χώρα
876 989 959 1068 [καί]
990 982 1074 1078 άκρα
1102 992 1162 1076 τῆς
1190 990 1377 1076 Παριανῆς.

197 1107 429 1196 εἩρωδιανδς
451 1107 489 1176 δὲ
511 1105 546 1174 ἐν
567 1104 706 1198 τετάρτῃ
729 1107 830 1196 φησίν
857 1103 910 1174 ὅτι
931 1105 1086 1195 Ἀβαρνίς
1113 1107 1260 1194 λέγεται·
1290 1100 1378 1172 ἄλλα

223 1229 280 1295 καί
301 1225 348 1308 είς
371 1233 418 1304 ὃς.
448 1221 621 1313 ’Λβαρνεῖς
641 1225 720 1305 τοδς
740 1229 986 1307 κατοικοῦντας,
1010 1221 1056 1306 ιός
1076 1225 1171 1312 παρά
1193 1225 1232 1292 τό
1246 1219 1378 1318 ’Ἀψυρ-

221 1373 280 1427 τος
302 1341 493 1438 Ἀψυρτεῖς,
522 1339 676 1430 Κάμιρος
705 1347 885 1432 Καμιρεῖς,
913 1339 1012 1424 ’Λλός
1035 1339 1159 1424 Ἀλεῖς,
1193 1340 1381 1428 Τελμισοός

227 1469 437 1548 Τελμισσεῖς,
468 1462 547 1549 περὶ
574 1449 620 1528 οἷν
651 1456 830 1548 είρῆσεται.
871 1461 910 1530 τό
940 1463 978 1530 δὲ
999 1457 1154 1552 Ἅβαρνίς
1177 1459 1217 1530 οδ
1239 1459 1381 1530 δύναται

224 1581 311 1668 ἔχειν
331 1582 370 1650 τό
392 1587 547 1649 τοιοῦτον
567 1575 719 1647 ἐθνικόν·
742 1578 785 1646 τά
807 1578 869 1668 γάρ
892 1577 940 1660 είς
961 1581 992 1659 ῖς
1013 1583 1150 1670 φιληδεῖ
1164 1587 1216 1670 τῷ
1238 1579 1286 1663 είς
1309 1585 1381 1668 ΐτῖης

187 1700 329 1790 ιοτύπιμ,
352 1696 398 1782 ὡς
420 1701 564 1788 Μέμφις
586 1695 777 1786 Μεμφίτης.
812 1697 851 1764 τό
874 1699 912 1766 δὲ
934 1695 1109 1788 Μακριεάς
1131 1699 1188 1766 καί
1210 1696 1381 1781 Χαλκιεός

226 1822 282 1888 καί
298 1815 488 1898 Χαλκιδεύς
509 1814 581 1886 άπδ
603 1820 733 1905 γενικῆς
755 1817 943 1904 προῆλθον.
973 1810 1148 1897 Ἑκαταῖος
1169 1814 1202 1885 δ’
1227 1813 1382 1907 όΜιλῆ-

226 1965 300 2020 σιος
333 1939 367 2006 ἒν
394 1934 512 2017 ’Λσίας
547 1933 744 2025 περιηγήσει
778 1930 980 2027 Λαμψάκου
1013 1929 1114 2024 ι’ίκρην
1148 1931 1235 2003 είναί
1267 1959 1380 2026 φησιν.

216 2053 367 2146 ’Ἔφορος
389 2052 421 2123 δ’
446 2055 481 2122 ἐν
501 2058 542 2143 τῇ
565 2052 813 2141 πέμπτηλέμει
835 2055 1004 2141 κληθῆναι
1031 2051 1135 2144 αὐτὴν
1162 2051 1234 2123 άπό
1261 2058 1321 2142 τῆς
1347 2053 1382 2122 ἐν

231 2171 385 2242 Φωκαίδι
400 2168 600 2261 Ἀβαρνίδος
621 2169 689 2239 ὑπὸ
711 2171 878 2238 Φωκαέων
898 2174 959 2260 τῆν
973 2168 1172 2265 Λάμψακον
1194 2169 1381 2256 κτιζόντων.

190 2289 454 2372 π’Λπολλιόνιος
478 2285 681 2382 αΠερκιότην
695 2286 729 2355 δ’
747 2287 804 2357 ἐπὶ
818 2294 861 2379 τῇ
879 2289 936 2356 καὶ
946 2285 1146 2380 Ἀβαρνίδος
1161 2287 1383 2381 ἠμαθόεσσαν

227 2407 365 2502 ῆιόνα”.
395 2413 494 2476 τοῦτο
511 2409 549 2477 δὲ
563 2409 739 2496 Σοφοκλῆς
752 2403 1032 2496 ὑπομνηματίζων
1047 2405 1171 2499 ἱστορεῖ
1183 2412 1243 2499 τῆν
1258 2407 1382 2501 ’Λφρο-

229 2528 321 2617 δίτην
350 2521 504 2618 άμορφον
524 2527 559 2594 ἐν
580 2522 768 2619 Λαμψάκῳ
790 2531 950 2596 τεκοῦσαν
970 2525 1030 2596 τόν
1051 2525 1211 2617 Πρίαπον
1224 2523 1384 2620 άπαρνῆ-

229 2656 361 2718 σασθαι
380 2647 437 2714 καί
458 2646 518 2735 τὴν
536 2641 647 2733 χώραν
663 2642 851 2732 ’Λπαρνίδα
872 2645 1029 2727 καλέσαι,
1052 2639 1174 2736 ἣκατά
1194 2655 1384 2740 παραφθο-

229 2767 290 2856 ράν
312 2766 368 2834 καί
385 2762 541 2857 Ἀβαρνίς
561 2766 723 2833 καλεῖται.
758 2761 845 2850 [ἔστι
872 2764 910 2832 δὲ
937 2762 994 2830 καί
1016 2758 1118 2842 πόλις
1139 2765 1195 2832 καί
1214 2764 1307 2857 χώρα
1328 2771 1384 2836 καί

230 3137 258 3190 1.
280 3127 390 3206 λλίχθη
412 3128 514 3201 HRV,
535 3125 652 3206 ίκλήδη
673 3133 707 3188 Α.
824 3134 852 3186 2.
873 3125 908 3187 (ii
920 3123 1105 3206 Ἀμαντίνην
1123 3131 1160 3200 Χ,
1185 3127 1219 3190 δὲ
1237 3130 1387 3211 μαντίνην

230 3222 304 3280 libri.
421 3226 450 3280 3.
472 3215 590 3303 ᾤκισαν
610 3223 652 3288 Η,
677 3213 801 3299 ᾤκησαν
820 3220 894 3279 libri.
1012 3224 1041 3281 4.
1063 3220 1113 3280 καλ
1134 3214 1215 3302 άκρα
1237 3226 1278 3294 Η,
1304 3217 1385 3303 ἄτιμα

230 3315 305 3374 libri.
391 3320 419 3374 5.
435 3306 630 3392 Ἥρωιλιανός
650 3314 686 3381 Η,
702 3304 882 3391 Ἡριόδοτος
901 3316 936 3385 V,
952 3307 1125 3393 Ἡρόδοτος
1143 3319 1202 3374 ΑΗ.
1228 3317 1266 3374 ci.
1281 3318 1385 3376 Arcad.

230 3429 260 3485 p.
282 3413 330 3466 32.
409 3411 437 3464 6.
458 3399 515 3482 τῆν
533 3423 587 3484 pro
606 3398 679 3474 τοός
698 3407 734 3464 V.
813 3399 848 3464 τό
869 3429 925 3467 om.
946 3407 989 3466 Π.
1073 3413 1101 3466 7.
1117 3404 1212 3478 Ἁλεῖς
1232 3409 1277 3468 vel
1291 3403 1387 3479 Ἁλεῖς

232 3497 344 3580 11va
360 3509 390 3558 et
404 3498 482 3565 Vat,
495 3491 603 3565 Ἁλιεῖς
617 3499 677 3556 AR.
759 3493 1004 3573 ΤελμισσόςΗλῙ,
1029 3496 1222 3575 ΤιλμισοςΑ.
1302 3509 1330 3562 9.
1352 3497 1387 3560 τό

233 3593 301 3650 add.
321 3593 357 3650 R.
463 3587 505 3658 εἰς
524 3593 551 3653 ῖς
570 3590 605 3659 Β,
630 3589 672 3660 είς
691 3599 711 3668 ἢ
731 3595 764 3660 Α,
789 3611 845 3649 om.
865 3592 974 3670 PpRV.
1083 3590 1125 3660 είς
1145 3597 1212 3668 ι“τ“ης
1232 3596 1295 3664 VR,
1321 3599 1388 3672 ἴτης

233 3689 266 3741 Α.
358 3687 404 3740 10.
426 3677 559 3760 Μέμφις
578 3681 613 3751 Β,
634 3679 775 3762 Μίμφης
793 3684 881 3753 PRV,
901 3681 1024 3765 Μίμφη
1045 3693 1078 3745 Α.
1177 3679 1333 3754 Χαλκιιός
1352 3689 1388 3756 Χ,

233 3767 409 3849 Χαλκριιός
428 3773 502 3830 libn'.
525 3773 603 3849 quod
623 3776 647 3833 si
668 3786 745 3832 recte
767 3777 949 3834 emendatum
970 3789 1023 3846 est,
1045 3772 1200 3846 Χαλκιεάς
1215 3779 1253 3835 ad
1267 3774 1388 3850 Χάλκις

233 3865 428 3937 referendum,
448 3867 528 3922 cuius
550 3866 661 3925 formae
683 3870 829 3944 vestigium
848 3869 938 3927 habes
952 3870 1030 3948 apud
1045 3869 1145 3927 Const.
1160 3870 1267 3948 Porpii.
1283 3873 1388 3932 Τίτιον.

234 3961 267 4026 2,
293 3977 323 4036 p.
344 3960 398 4032 51,
418 3962 457 4016 20
485 3948 636 4033 Εὔβοιαν,
664 3949 702 4034 ῆν
725 3979 805 4030 τινες
832 3953 934 4018 Χάλιν
955 3959 1025 4037 (leg.
1046 3955 1181 4036 Χάλκιν)
1202 3953 1221 4037 ῆ
1242 3961 1389 4022 Χαλκίδα

234 4041 483 4123 ἐπονομάζουσιν.
509 4049 588 4128 apud
608 4051 774 4126 Syncelium
795 4053 904 4111 Chron.
925 4073 955 4132 p.
977 4057 1033 4112 154
1054 4051 1124 4128 (363
1141 4053 1250 4130 Βοοο.)
1273 4057 1388 4114 Gnarus

234 4159 251 4197 ε
272 4141 337 4198 cod.
349 4141 416 4198 Par.
431 4141 522 4198 edidit
542 4135 558 4200 ὁ
579 4139 733 4211 Χαλκιείνς
752 4137 927 4212 Διονάσιος,
950 4147 997 4202 ubi
1017 4155 1112 4202 tamen
1134 4147 1182 4203 alii
1202 4143 1388 4217 Χαλκιδεύς.

236 4231 313 4289 adde
325 4233 401 4290 inira
413 4253 471 4291 κν.
485 4226 617 4308 Ἄβοτις.
691 4237 738 4294 14.
759 4235 899 4294 Φωκαίδι
921 4248 949 4294 et
968 4257 1034 4295 mox
1057 4234 1215 4296 Φωκαέων
1234 4239 1298 4308 ΒΗ,
1322 4241 1390 4298 Φω-

236 4320 295 4380 κίδι
316 4333 346 4382 et
366 4319 500 4382 Φωκίων
520 4325 593 4382 libri.
693 4331 740 4386 15.
755 4319 970 4403 Ἀπολλώνιος]
991 4333 1097 4407 Argon.
1119 4333 1140 4399 1,
1160 4337 1226 4390 932.
1313 4331 1390 4410 Περ-

233 4407 327 4490 κότην
351 4425 419 4473 εοῑε
438 4417 474 4474 Χ.
593 4422 639 4475 16.
671 4415 848 4495 Σοφοκλῆς]
874 4423 893 4478 i.
915 4439 941 4478 e.
963 4421 1053 4479 schol.
1080 4424 1225 4500 Apollonii
1247 4426 1266 4483 1.
1289 4428 1308 4484 l.

236 4511 282 4564 19.
295 4503 407 4584 βαρνίς
418 4509 482 4566 RV.
562 4502 626 4566 ἔστι
647 4505 684 4566 ti!
701 4541 738 4551 -
758 4507 809 4566 καί
831 4504 912 4588 ἄκρα
933 4531 968 4570 ex
989 4517 1185 4592 superioribus
1206 4526 1314 4576 temere
1336 4521 1389 4576 ire·

234 4608 296 4655 rata
316 4607 391 4656 nunt.
