2902 5070
766 277 842 351 236

226 451 338 546 αύκὴν.
382 453 490 526 ἔοικεν
517 449 577 524 οὖν
606 456 773 527 Διονυσία
803 451 909 542 εἶναι,
944 459 1001 527 καί
1033 460 1118 529 κατὰ
1147 463 1382 554 παραφθορὰν

223 573 407 648 Δονουσία.
439 575 480 644 τό
499 575 637 645 όθνικόν
657 573 856 658 Δονούοιος.

310 693 520 785 Δορίσκον,
562 691 709 783 Φρυγίας
743 693 857 778 πόλις.
905 697 946 766 τό
981 697 1118 766 ἐθνικόν
1152 687 1298 788 Δοριιός
1334 695 1381 781 ὥς

222 826 253 886 Γ
252 811 396 906 ορόιιύς.

113 933 125 956 “
165 959 167 964 ·
197 957 210 998 ι
309 929 526 1022 Δορίσκος,
553 929 657 1013 πόλις
681 928 812 1024 Θρᾴκης
837 934 894 1002 καί
915 930 1045 1003 πεδίον.
1087 932 1127 1004 τό
1149 933 1287 1005 όθνικόν
1308 942 1379 1007 Δο-

223 1053 352 1146 ρίσκιος
373 1046 420 1132 ὥς
440 1047 654 1140 Βορμίσκιος.

307 1167 634 1260 Δοροκόκτορος,
665 1167 767 1250 πόλις
797 1171 960 1238 Γαλατῶν
988 1175 1055 1238 τῶν
1084 1167 1313 1263 προσβόρριυν.
1358 1170 1377 1242 ό

221 1291 321 1362 οἰκῶν
346 1284 623 1379 Δοροκοττόριος.

307 1404 580 1499 Δορυλόιιον,
612 1402 714 1488 πόλις
738 1405 899 1499 Φρυγίας,
930 1401 1029 1477 ὃκαί
1050 1406 1283 1499 Δορύλαιον
1305 1418 1376 1501 Δη-

182 1505 390 1617 ισμοσθένης
412 1523 505 1618 φησί.
547 1524 587 1596 τό
610 1523 747 1595 ἐθνικὸν
768 1522 972 1616 Δορυλαιύς.

304 1644 541 1730 Δουλίχιον,
567 1641 630 1730 μία
649 1650 716 1713 τῶν
740 1641 921 1728 Ἐχινόόων
942 1641 1065 1734 νήσων,
1095 1640 1116 1735 ἡ
1139 1647 1196 1716 καί
1216 1647 1373 1734 Δολίχα

218 1768 404 1856 καλουμένη
418 1767 476 1836 καί
492 1761 659 1847 Ὀξεῖαι,
680 1758 721 1855 ἢν
739 1765 845 1845 (iocis
860 1760 879 1835 ὁ
894 1764 1041 1855 ποιητός
1053 1758 1159 1834 εἶπεν.
1195 1761 1266 1836 ἀπὸ
1281 1772 1373 1838 Δου-

216 1976 418 1989 ——-

215 2123 243 2178 3.
254 2110 414 2197 Δοριειεύς
433 2117 507 2186 libri,
527 2116 651 2174 correxit
671 2116 707 2173 H.
728 2117 783 2174 nisi
803 2117 999 2176 scribendum:
1019 2112 1055 2176 τό
1075 2112 1199 2178 torento
1214 2115 1372 2198 Δοριειεός

216 2205 272 2286 [ὡς
291 2203 433 2289 Σιγειεός,
453 2201 473 2284 ἢ
493 2200 641 2285 Δοριεύς]
663 2201 704 2276 ὡς
722 2207 755 2266 Γ
752 2203 881 2286 ορόιεός.
903 2209 942 2269 cs.
964 2212 993 2268 in
1011 2206 1168 2288 Δαρίιιον.
1247 2219 1274 2272 6.
1292 2212 1369 2292 Βορ·

213 2303 335 2380 μίσκιος
345 2304 410 2371 ΒΗ,
423 2294 615 2379 Δορμίσκιος
627 2300 701 2359 libri.
770 2306 798 2362 7.
807 2295 1034 2380 Δορυκότωρος
1044 2305 1079 2362 R.
1137 2298 1369 2383 προσβόρωνλλ.

213 2385 564 2472 8.Δωρωκοττόριοςλ”,
584 2387 795 2472 Δοροιτόριος
803 2397 841 2454 R.
919 2399 947 2456 9.
959 2388 1150 2472 Δορύλαιον]
1170 2391 1318 2476 Δορυλιίς
1330 2401 1368 2468 R,

214 2485 360 2568 Δορυλαί
368 2489 405 2546 V.
427 2488 465 2545 oi.
475 2485 643 2544 Eustothins
657 2486 695 2544 ad
705 2488 791 2546 Dion.
802 2487 867 2546 Per.
880 2492 951 2548 815:
972 2482 1007 2546 τό
1018 2483 1205 2566 Δορύλαιον,
1221 2483 1288 2559 ὡςό
1299 2511 1369 2568 γειο-

214 2577 336 2664 γριίφος
345 2577 468 2658 ἱστορεῖ,
479 2574 515 2638 τό
525 2575 575 2637 καί
585 2573 788 2653 Δορυλόειον,
803 2575 884 2639 κατὰ
899 2577 933 2638 δὲ
946 2576 1003 2657 τὴν
1015 2576 1251 2663 όρθογραφικὴν
1261 2577 1369 2659 τίχνην

214 2673 265 2738 καί
276 2667 465 2750 Δορύλλειον
479 2668 531 2731 διὰ
547 2666 732 2750 ύιφθόγγου.
752 2672 853 2731 hamm
873 2672 1029 2732 tonsarum
1049 2685 1235 2753 postremam,
1247 2669 1367 2754 Δορόλ·

212 2770 300 2838 λειον,
321 2772 360 2826 ita
380 2767 453 2826 tueri
473 2766 541 2825 lieet
561 2775 592 2822 ut
608 2758 817 2843 κόΔόρυλλος
830 2775 988 2836 revocetur,
1009 2769 1087 2844 quod
1107 2769 1210 2828 eadem
1229 2770 1294 2846 lege
1313 2789 1366 2848 pro

211 2855 377 2940 Δορύλαος
392 2860 448 2917 diei
459 2859 560 2936 potuit,
581 2876 638 2934 qua
652 2877 679 2916 e.
690 2878 716 2915 o.
731 2850 916 2937 Θράσυλλος
928 2859 1034 2918 dictum
1047 2871 1090 2920 est
1103 2882 1157 2940 pro
1170 2856 1366 2940 Θρασύλαος.

212 2965 242 3013 at
262 2951 422 3030 exemplum
444 2952 505 3009 eius
524 2949 635 3007 formae
655 2968 712 3007 non
733 2960 867 3029 superest
886 2953 942 3009 nisi
961 2952 1017 3011 hoo
1037 2956 1187 3031 ambiguae
1204 2953 1273 3012 fidei
1288 2954 1366 3032 apud

210 3047 333 3106 Ptolem.
353 3047 387 3117 5,
408 3047 441 3112 2,
461 3047 509 3101 22.
529 3035 719 3120 Δορόλλειον
738 3033 757 3118 ἢ
778 3037 981 3120 Δορυλιίειον.
1001 3065 1060 3104 non
1080 3047 1167 3104 credo
1187 3049 1275 3124 igitur
1292 3047 1366 3105 hanc

211 3138 333 3197 sormam
360 3133 576 3196 commendasse
601 3134 813 3207 Herodianum
844 3137 928 3196 huius
959 3139 1035 3197 enim
1060 3138 1139 3196 lmud
1167 3140 1253 3199 dubie
1281 3138 1365 3198 affert

209 3230 377 3290 Eustathius
396 3223 503 3305 τέχνην
522 3219 773 3307 ὀρθογραφικήν,
796 3248 881 3305 quem
901 3231 1051 3309 scripsisse
1072 3241 1158 3310 puto:
1177 3227 1213 3290 τό
1233 3230 1284 3292 καί
1304 3229 1364 3290 Δο-

209 3318 352 3404 ρυλόιυν,
383 3316 463 3380 κατὰ
493 3317 526 3378 (ii
555 3314 612 3396 τὴν
637 3313 874 3400 ὀρθογραφικὴν
898 3317 1005 3398 τέχνην
1027 3317 1222 3402 Δορυλοίειον
1247 3321 1299 3382 διὰ
1325 3324 1365 3383 sis·

209 3411 361 3499 φθόγγου.
382 3434 437 3473 nec
456 3413 545 3470 multo
565 3413 667 3471 mehor
686 3424 730 3472 est
750 3433 835 3491 quam
850 3415 943 3493 primo
957 3414 1021 3473 loco
1035 3426 1174 3474 memorat
1185 3412 1365 3490 Δορύλαιον

210 3513 270 3569 sive
284 3509 380 3587 potius
390 3497 577 3582 Δορυλιίιον,
593 3524 651 3582 qua
664 3508 747 3565 metri
762 3525 850 3564 eausa
864 3526 931 3564 usus
944 3525 1009 3566 esse
1021 3507 1133 3566 videtur
1143 3510 1365 3580 Demosthenes,

210 3622 295 3680 quem
314 3597 470 3672 Bithynum
489 3615 554 3656 esse
575 3599 686 3676 opinor.
707 3600 745 3657 cf.
762 3591 904 3656 Μιδιίιον
924 3607 953 3656 et
965 3592 1107 3678 Μιόήιον
1122 3623 1146 3661 s.
1158 3622 1184 3660 v.
1197 3594 1364 3661 Μιύιίειον.

209 3699 257 3754 11.
276 3685 399 3766 Δόλιχα
419 3689 514 3766 vulgo.
621 3696 669 3748 12.
686 3683 788 3759 Ὀξεῖα
806 3690 832 3746 Β
853 3708 890 3748 ex
910 3690 1040 3750 Eustath.
1062 3695 1100 3752 ad
1119 3694 1152 3753 ll.
1174 3715 1204 3774 p.
1225 3697 1292 3763 ³05,
1311 3696 1363 3753 46:

208 3779 281 3844 όόί
298 3777 339 3840 τό
358 3775 468 3840 ἓθνικιλ
488 3777 590 3850 ἐκθεὶς
614 3776 689 3859 λίγει
713 3778 771 3856 μίν
796 3779 847 3840 καί
874 3774 969 3850 αὐτὸς
994 3773 1041 3841 ότι
1066 3781 1101 3844 τὸ
1121 3781 1289 3860 Δουλίχιον
1313 3781 1364 3844 καί

207 3871 329 3952 Δολίχα
353 3875 498 3934 καλεῖται.
528 3871 714 3951 πρυςτίθησι
740 3871 774 3933 δὲ
799 3863 846 3933 ὅτι
870 3871 921 3932 καί
943 3868 1045 3946 Ὀξεῖα
1070 3871 1211 3954 λέγεται,
1226 3870 1265 3952 ἣν
1291 3877 1363 3953 κληὲ

208 3965 310 4038 θόνας
332 3959 430 4036 Θοός,
457 3963 566 4047 φησίν,
594 3961 610 4026 ό
636 3961 764 4044 ποιητὴς
783 3958 855 4025 sins.
877 3987 951 4045 quae
972 3969 1078 4027 indicio
1099 3978 1165 4027 sunt
1182 3968 1363 4028 Euststhium

208 4062 351 4142 Stephani
375 4061 469 4119 locum
494 4061 581 4120 etiam
607 4061 690 4138 peius
716 4069 881 4139 corruptum
906 4062 935 4117 in
960 4080 1013 4119 suo
1039 4063 1171 4142 exemplo
1187 4064 1363 4140 ,repperisse

209 4175 294 4233 quam
314 4163 359 4212 est
378 4154 408 4209 in
427 4152 541 4208 nostris.
562 4151 729 4230 Stephanus
748 4151 827 4210 haud
842 4153 927 4212 dubie
941 4154 1092 4212 Strabonis
1108 4155 1202 4212 locum
1218 4155 1362 4225 attulerat,

208 4249 288 4305 cuius
313 4245 387 4302 haee
411 4251 477 4300 sunt
497 4245 583 4300 verba
603 4250 640 4303 10
660 4267 690 4322 p.
710 4246 781 4305 458:
807 4227 851 4302 ὧν
872 4238 1069 4323 (Ἐχινάδων)
1090 4239 1126 4303 τό
1145 4265 1177 4306 τι
1196 4239 1363 4323 Δουλίχιόν

206 4335 271 4398 ἔστι
292 4334 436 4412 (καλοῦσι
457 4330 491 4390 δὲ
510 4333 565 4390 νύν
583 4332 736 4410 Δολίχου)
757 4331 808 4393 καί
830 4331 862 4394 ni
875 4330 986 4406 Όξεῖαι
1007 4331 1200 4413 καλούμεναι,
1223 4332 1261 4410 ἃς
1276 4335 1362 4408 Θοὰς

207 4426 223 4490 ὃ
244 4423 373 4503 ποιητὴς
394 4423 467 4500 (οᾶ.
488 4427 535 4486 15.
556 4425 627 4502 299)
648 4418 738 4484 siner.
759 4446 835 4504 quse
856 4431 982 4509 corrupit
1003 4432 1184 4509 epitomator.
