2888 5070
753 267 827 340 342

296 445 368 516 ’1τέ
374 473 411 530 α,
428 450 534 535 δῆμος
549 450 607 533 τῆς
623 444 865 530 Ἀκαμαντίδος
881 449 998 536 φυλῆς.
1029 440 1049 512 ό
1065 440 1211 532 δημότης
1223 439 1371 524 Ἴτεαῖος.

208 563 408 652 Ἀνδροτίων
430 569 468 635 δὲ
489 563 719 654 τρισυλλάβως
740 563 816 654 ἔφη.

296 667 561 774 Ἰτόκη,’πόλις
575 680 719 772 Λιβύης,
747 681 876 771 Τυρίων
891 675 1046 762 όίποικος.
1078 681 1118 750 τὸ
1134 681 1273 750 ίθνικόν
1290 677 1370 750 Ἴτυ-

214 809 319 882 καῖσς.
351 799 410 894 ἀφ’
435 795 475 872 οὗ
496 801 680 885 Διονύσιος
702 798 721 872 ὁ
739 799 897 882 Ἰτυκαῖος
917 802 1137 887 ῥιζοτομικών
1158 797 1293 890 πρώτῳ.

187 952 201 992 ι
291 915 414 1004 Ἴτιυν,
434 919 537 1003 πόλις
551 919 741 1002 Θεσσαλίας
757 914 891 1014 αἼτωνυί
902 945 939 988 τε
952 920 1079 1008 μητέρα
1093 915 1245 1007 μήλων”.
1274 916 1307 988 ολ
1318 917 1372 1008 ἒχ-

212 1035 333 1124 χώριοι
349 1036 513 1122 ὀξυτόνως
535 1037 638 1128 αὐτήν
659 1063 765 1128 φασιν
783 1035 901 1106 Ἰτών.
938 1039 1027 1118 τινὲς
1043 1039 1082 1106 δὲ
1094 1041 1254 1108 Σιτώυα
1269 1035 1372 1128 αἰπήν

214 1181 300 1246 φασι
324 1158 383 1227 διὰ
404 1159 443 1229 τό
466 1156 660 1251 σιτοφόρου.
697 1159 831 1246 λέγεται
852 1158 909 1226 καί
929 1151 1128 1247 ῆἼτωνος
1150 1150 1221 1223 ἀπὸ
1239 1152 1373 1228 Ἰτώνου

214 1275 339 1365 ἥρωος,
369 1274 428 1368 ἀφ’
453 1269 494 1346 οὗ
519 1278 577 1347 καὶ
598 1275 726 1348 Ἰτωνία
751 1273 772 1366 ῆ
795 1274 936 1364 Ἀθηνᾶ.
976 1275 1071 1364 ἥτις
1092 1275 1149 1344 καί
1172 1271 1294 1363 Ἴτώνη.
1332 1277 1372 1346 τό

215 1395 353 1464 ἕθνικδν
382 1392 547 1476 Ἰτωναῖος
578 1397 634 1464 καὶ
663 1394 813 1464 Ἰτωναία
842 1390 863 1484 ῆ
896 1391 1038 1483 Ἀθηνᾶ.
1082 1391 1154 1462 ἔστι
1182 1395 1240 1461 καὶ
1272 1391 1374 1475 πόλις

177 1511 343 1602 munim
365 1515 400 1583 ἐν
419 1512 588 1605 Ἠπείρῳ,
610 1515 666 1582 καὶ
686 1511 845 1596 Ἰταλίας,
866 1517 923 1583 καί
943 1511 1128 1593 Βοιωτίας,
1151 1512 1208 1580 καὶ
1223 1511 1372 1592 Λυδίας.

216 1630 234 1700 ὃ
262 1631 403 1722 πολίτης
427 1630 573 1716 Ἰτώνισς
601 1635 659 1702 καί
683 1632 827 1715 Ἰτωνία,
860 1633 917 1702 καὶ
941 1630 1070 1702 Ἰτωνία
1096 1627 1117 1721 ἦ
1143 1628 1289 1718 Ἀθηνᾶ,
1317 1633 1374 1702 καί

210 1749 359 1835 Ἰτωνιάς
379 1754 436 1823 καί
459 1749 592 1836 Ἰτωνίς.
636 1755 694 1822 καί
719 1751 811 1844 χώρα
834 1749 972 1841 Ἰτώνη
993 1749 1061 1821 ὑπό
1083 1751 1143 1820 τόν
1162 1743 1297 1834 Αἷμον,
1328 1747 1375 1832 ὡς

210 1869 385 1952 Ἑκαταῖος
404 1870 566 1964 Εὐρώπη.

293 1987 442 2075 Ἴχανα,
466 1991 639 2075 πολίχνιον
654 1997 714 2081 τῆς
727 1989 893 2071 Σικελίας,
916 1989 975 2058 διὰ
996 1991 1036 2060 τό
1058 1994 1100 2081 τῇ
1123 1985 1227 2058 αὐτοῦ
1247 1984 1375 2059 ἁλώσει

178 2138 204 2180 ιι
217 2111 330 2179 πολλὰ
353 2111 631 2201 προσλιπαρήσαι
652 2110 731 2191 τούς
745 2107 1002 2202 Συρακουσίους.
1037 2107 1152 2194 ίχανᾶν
1174 2111 1213 2181 δὲ
1233 2109 1273 2179 τό
1296 2109 1374 2178 ίπι-

217 2235 348 2312 δυμεῐν.
385 2229 425 2298 τό
448 2228 585 2298 §unuin
602 2225 768 2313 Ἰχανίνος.

292 2341 434 2431 Ἴχναι,
457 2346 559 2428 πόλις
580 2345 808 2429 Μακεδονίας.
848 2345 1035 2436 Ἡρόδοτος
1057 2345 1197 2440 ἑβδόμῃ.
1235 2345 1375 2437 'Eumo-

217 2467 341 2555 σδίνης
362 2469 401 2535 δὲ
421 2461 562 2551 ’Ἀχνας
585 2463 687 2557 αὖτῆν
709 2491 803 2558 φησι.
852 2469 999 2554 Φιλητᾶς
1022 2464 1054 2535 δ’
1079 2461 1183 2556 ι’ίλλην
1204 2471 1289 2557 φησί
1314 2470 1374 2538 διδ

216 2592 276 2656 τοῦ
298 2589 331 2655 ᾶ.
374 2587 413 2656 τό
440 2585 578 2655 ἐθνικὸν
601 2582 738 2669 Ἰχναῖος
758 2587 816 2654 καὶ
833 2581 998 2679 Ἰχναίαῆ
1026 2586 1140 2671 Θέμις.
1185 2587 1374 2676 διωκομένη

179 2706 280 2796 ωχάρ
308 2702 375 2776 ὑπὸ
401 2710 462 2774 τοῦ
483 2705 571 2785 Διός
596 2702 796 2796 κατελήφθη
824 2702 859 2774 ἓν
886 2710 957 2786 τοῖς
981 2711 1048 2774 τών
1071 2704 1217 2792 Ἰχναίων
1242 2703 1375 2790 τόποις,

218 2827 275 2895 καί
296 2823 366 2894 ἇπὸ
387 2831 449 2894 τοῦ
465 2829 661 2913 διωχθῆναι
682 2821 752 2892 κατ’
775 2821 866 2908 ἴχνος
888 2820 1084 2914 ώνομόσθη.
1117 2823 1188 2894 ἔστι
1204 2826 1262 2896 καί
1276 2823 1375 2918 ἑτέρα

217 2947 277 3030 τῆς
299 2938 497 3032 ἀνατολικῆς
520 2941 632 3024 πόλις.

144 3244 150 3252 ·
219 3223 246 3277 1.
265 3212 510 3296 Ἀκαμαντηίδος
533 3221 598 3279 RV.
733 3215 856 3288 Ἰτεαῖος
875 3220 918 3289 V,
943 3213 1068 3288 Ἰεταῖος
1090 3221 1152 3299 Pp,
1178 3215 1290 3289 Ἰταῖος
1314 3223 1376 3284 AR.

217 3311 245 3373 4.
265 3307 402 3390 Διοκλῆς
421 3313 457 3371 Β.
484 3323 515 3370 at
533 3314 665 3388 Dionysii
683 3313 881 3371 Rhizotomica
907 3312 997 3370 habes
1023 3315 1102 3390 apud
1122 3313 1212 3372 schol.
1234 3314 1377 3374 Nicandri

218 3406 310 3465 Ther.
331 3411 397 3464 520.
430 3406 553 3466 eundem
575 3426 638 3463 curn
663 3407 765 3465 Diocle
790 3407 918 3464 nominat
936 3404 1046 3462 Plinius
1066 3406 1133 3464 ΝΗ.
1151 3410 1198 3474 20,
1220 3411 1248 3473 3,
1270 3415 1299 3466 9.

218 3491 235 3556 ὃ
252 3492 401 3566 Ἰτυκαῖος
416 3500 455 3568 Μ,
477 3495 634 3567 σίτυκαῒυς
648 3500 685 3568 R,
701 3493 851 3567 Ἰτυκαῖος
870 3498 933 3556 AV.
1011 3491 1202 3577 ῥιζοτομικός
1218 3491 1318 3559 u'RV.
1339 3519 1377 3558 an

220 3582 396 3668 ῥιζοτσμικιλ
408 3584 582 3667 [χρώψυςβ
652 3593 679 3650 5.
694 3582 805 3650 Ἴτωνά
818 3611 849 3652 τε
864 3587 983 3669 μητίρα
993 3585 1114 3668 μήλων]
1130 3594 1154 3649 Η
1159 3613 1214 3651 orn.
1226 3593 1258 3649 il.
1269 3597 1297 3661 2,
1309 3597 1375 3652 696.

220 3687 247 3740 6.
260 3675 365 3740 Ἰτώνα
379 3684 415 3741 V.
493 3690 521 3744 7.
535 3678 668 3764 σιφόρον
686 3685 724 3743 V.
802 3690 830 3744 8.
843 3690 870 3744 9.
884 3680 920 3744 τὸ
932 3680 1059 3744 λθνικὸν
1079 3705 1134 3742 om.
1148 3685 1184 3742 V.
1264 3682 1376 3744 11.καλ

216 3770 335 3834 Ἴτωνίυ
354 3786 423 3856 post
438 3770 570 3846 Ἰτώνιος
590 3777 658 3834 add.
669 3777 706 3836 R.
786 3783 833 3836 12.
849 3769 941 3854 χώρα
959 3772 1076 3853 Ἰτώνη]
1098 3779 1161 3835 Hoc
1181 3796 1218 3836 ex
1237 3774 1377 3852 Σιθωνίη

220 3871 267 3932 vel
289 3863 414 3946 Ἠδωνή
441 3880 605 3948 corruptum
631 3871 795 3948 suspicatur
819 3872 856 3928 H.
982 3872 1029 3930 15.
1051 3867 1181 3944 ίσχανᾶν
1204 3869 1241 3928 Β.
1268 3866 1378 3944 ίχανᾶν

218 3972 337 4041 praeter
362 3962 535 4037 Hesychium
561 3983 584 4020 ε.
607 3982 631 4020 ν.
658 3973 687 4020 et
711 3963 839 4022 Dracon.
864 3963 953 4022 Strnt.
978 3983 1008 4041 p.
1029 3967 1120 4031 50,9
1145 3961 1233 4020 habet
1251 3959 1376 4020 Babriun

218 4055 280 4114 seb.
299 4059 347 4124 77,
367 4060 396 4115 2.
512 4059 559 4115 17.
580 4047 712 4133 ἑβδόμη]
734 4076 759 4116 e.
781 4060 847 4125 123,
867 4056 915 4113 ubi
936 4066 967 4112 nt
986 4055 1066 4133 apud
1086 4053 1266 4133 Stephanum
1282 4046 1377 4130 Ἴχναι

219 4151 364 4218 scribitur,
389 4148 574 4223 grammatico
596 4147 725 4206 Crameri
745 4149 798 4207 ΛΟ
819 4149 875 4206 vol.
897 4153 912 4206 1
934 4167 965 4226 p.
984 4149 1023 4208 tn
1044 4141 1141 4222 Ἰχναί
1163 4147 1339 4221 requirente.

220 4245 267 4300 18.
291 4237 421 4307 Φιλίτας
440 4239 477 4296 V.
549 4232 660 4314 ’Άχνην
679 4260 733 4318 pro
754 4233 850 4316 ἄλλην
868 4241 905 4298 X.
926 4241 1022 4298 mniirn
1043 4240 1280 4315 insequentibus
1302 4234 1377 4318 φησί

220 4327 303 4409 [τὴν]
325 4327 387 4390 διὰ.
467 4335 513 4390 19.
528 4327 578 4386 καί
599 4332 702 4390 orn.R.
780 4339 828 4390 20.
850 4327 1033 4412 κατελήφθη
1053 4335 1089 4403 R,
1110 4328 1301 4410 κατελείφθη
1318 4331 1376 4390 AV.

219 4430 265 4487 21.
285 4418 351 4483 ἔστι
372 4420 423 4482 καί
442 4415 531 4498 ίτίρα
549 4424 586 4491 R,
606 4420 657 4482 καί
679 4417 767 4501 ἕτίρα
788 4422 853 4485 ἔστί
874 4427 935 4485 AV.
