2866 5092
759 267 810 340 54

207 443 254 530 ὥς
283 444 540 539 Δικαιαρχείτης
568 443 777 537 Σαμαρείτης
805 442 980 536 Ζελείτης,
1015 442 1089 517 ἔσθ’
1122 441 1179 514 ὅτε
1206 443 1366 530 μένοντος

206 571 267 637 τοῦ
288 572 320 650 ἒ,
347 563 597 659 ὑφαιρουμένου
618 571 679 636 τοῦ
699 574 729 648 ῖ,
756 565 796 636 τό
820 567 842 634 ἆ
862 562 910 646 είς
932 572 960 630 ῶ
982 560 1172 652 ἀμείβεται,
1196 558 1242 646 ὡς
1259 557 1367 653 Ἦρα-

206 682 351 776 κλειότης
371 683 562 776 Μαρεώτης
587 686 644 754 καί
660 681 860 776 Ῥαφειόσης.

293 799 426 887 Αἶπυ,
455 801 557 886 πόλις
583 803 781 895 Μεσσηνίας
812 802 892 896 «καί
922 797 1030 893 Θρύον
1052 798 1228 892 Ἀλφειοῖο
1259 797 1368 891 πόρον

182 923 267 992 εκαί
294 920 443 994 έόκτιτον
463 918 587 994 Αλπυ”
619 920 690 993 όπδ
717 926 777 1013 τῆς
805 918 1022 1014 ἐρυμνότητος
1041 914 1143 992 Αλπυ
1169 919 1368 1008 καλουμένη.

208 1043 247 1112 τό
270 1043 408 1112 ἐθνικδν
428 1041 588 1132 Αίπύτης
614 1039 661 1125 ὡς
681 1037 842 1132 Αίγότης.

293 1160 441 1254 Αίραί,
469 1161 574 1245 πόλις
596 1157 824 1244 Μακεδονίας.
867 1156 939 1230 ἔστι
965 1161 1022 1230 καί
1044 1155 1129 1252 όλλη
1148 1156 1289 1240 Ἰωνίας.
1329 1157 1368 1228 τδ

211 1277 348 1351 έδνικδν
375 1279 519 1372 Αἶρεός,
549 1281 588 1351 τό
618 1283 655 1350 δέ
682 1283 741 1370 τῆς
768 1276 986 1361 Μακεδονίας
1012 1279 1169 1370 Αίραῖος.
1213 1276 1286 1348 ἔστι
1314 1279 1371 1348 καί

211 1401 305 1490 παρὰ
322 1398 573 1491 Ἑλλησπόντῳ,
595 1391 635 1490 ἧς
656 1398 695 1467 τό
719 1393 856 1468 έθνικδν
875 1395 1030 1489 Λίρότης
1050 1396 1128 1490 παρ’
1152 1394 1369 1490 Ἀνδροτίωνι

172 1555 199 1596 10
213 1516 248 1590 έν
270 1519 346 1612 ἕκτη
362 1516 534 1602 Ἀτθίδος.

296 1631 425 1720 Αἶσα,
454 1635 556 1722 πόλις
581 1633 712 1730 Θρᾴκης
733 1634 900 1727 προσεχης
924 1640 966 1727 τῇ
986 1632 1163 1728 Παλλήνη.
1207 1634 1370 1722 Αίυαῒος,

211 1751 258 1836 ὡς
277 1751 355 1826 Αἶα
374 1754 512 1840 Αίαῖος.

296 1880 337 1945 A
343 1873 462 1966 ίσόμη
469 1929 479 1960 ,
501 1873 605 1957 πόλις
629 1872 770 1968 Θρᾴκης.
786 1874 930 1966 ’Όμηρος
954 1871 1035 1969 «τόν
1057 1871 1088 1964 ῥ’
1113 1871 1151 1958 ἐξ
1165 1873 1372 1968 Αίσόμηδεν

214 1988 398 2084 ὀπυιομένη
427 1995 502 2064 τέκε
529 1990 674 2084 μη’τηρ”.
717 1993 756 2062 τό
787 1993 925 2064 έθνικδν
951 1991 1161 2080 Αίσυμαῒος,
1196 1989 1243 2076 ὡς
1273 1991 1371 2083 Δύμη

175 2147 201 2190 1⁵
214 2113 378 2197 Δυμαῖος.

298 2227 459 2315 Αίοιόν,
489 2230 591 2316 πόλις
621 2230 825 2316 Θεσσαλίας,
856 2228 927 2302 ἀπὸ
950 2229 1112 2314 Α’ίσωνος
1138 2237 1199 2302 τοῦ
1222 2227 1373 2314 Ἰόσονος

214 2347 355 2437 πατρός,
383 2342 424 2420 οὗ
443 2349 482 2420 τό
506 2344 612 2437 ’όνομα
635 2354 693 2423 διὰ
714 2357 775 2422 τοῦ
799 2357 827 2420 ὦ
850 2349 1006 2421 κλίνεται.
1051 2347 1098 2434 ὡς
1114 2347 1289 2434 Ἡσίοδος.
1333 2352 1372 2422 τδ

217 2470 255 2538 δὲ
275 2467 463 2562 Λίσονίδης
484 2468 554 2542 όπό
576 2477 637 2540 τοῦ
660 2469 820 2566 αΑίσονιί
843 2467 870 2540 τ’
893 2469 955 2562 η’δδ
973 2467 1142 2562 Φέρητα”.
1174 2471 1221 2540 τδ
1235 2468 1374 2542 ἐδνικδν

215 2586 400 2674 Αίσαίνιος.
435 2593 492 2661 καὶ
516 2589 702 2683 Φερεκύδης
722 2593 782 2683 την
804 2590 906 2662 πόλιν
928 2588 1104 2661 Αίσωνίαν
1126 2587 1219 2680 φησί.
1256 2595 1317 2680 τῆς
1339 2587 1371 2660 δ’

177 2709 393 2792 ῃΑίσωνίας
412 2711 451 2780 τδ
474 2709 611 2782 ἓθνικδν
633 2710 774 2782 δόναται
794 2707 1002 2793 Αίσωνιεός,
1033 2705 1079 2790 ὡς
1095 2705 1226 2799 Ὑριειίς
1243 2707 1373 2800 Ὀρθω-

216 2827 309 2913 σιεός
331 2827 568 2921 Ἀφροδισιεός
594 2829 819 2923 Δημητριεός,
849 2831 905 2900 καί
925 2826 1155 2920 Αίσωνισίτης,
1184 2823 1230 2912 ὡς
1252 2836 1373 2902 Κυδω-

217 2947 331 3041 νιάτης
351 2950 409 3017 καί
423 2923 669 3039 Κροτωνιάτης
703 2950 742 3020 τό
766 2947 800 3020 δ’
817 2948 970 3031 Αίσωνίς
992 2945 1062 3019 όπδ
1085 2953 1144 3040 τῆς
1165 2954 1295 3042 γενικῆς
1315 2955 1374 3020 τοῦ

217 3145 246 3198 2.
267 3139 352 3197 τοῦῐ
373 3158 426 3218 pro
446 3141 502 3198 τοῦ
520 3142 536 3200 E
554 3143 590 3200 R.
669 3141 725 3198 τοῦ
746 3139 758 3198 ἱ
776 3161 832 3199 om.
853 3143 888 3201 R.
967 3137 1061 3200 λαοὶ
1079 3135 1196 3219 Θρύον]
1218 3142 1373 3211 112592.

220 3227 316 3310 Θριόν
335 3235 371 3292 R.
448 3240 477 3294 5.
498 3230 672 3309 ἐυκτίμενον
691 3236 728 3304 R,
747 3225 892 3310 εόκτητον
912 3235 948 3292 V.
1027 3237 1054 3290 6.
1075 3231 1127 3291 καί
1146 3253 1200 3312 pro
1220 3229 1263 3304 ὡς
1282 3237 1345 3294 RV.

219 3330 265 3385 11.
276 3318 365 3385 Αίσα
380 3349 415 3386 ex
425 3324 532 3385 Λισιιί
547 3328 670 3404 (Herod.
682 3327 790 3404 1123)
813 3337 976 3405 corruptum
993 3345 1057 3386 esse
1073 3329 1118 3385 vix
1131 3339 1209 3388 recte
1221 3333 1327 3389 conicit
1337 3333 1374 3390 Η.

219 3425 265 3478 ιο.
286 3415 328 3488 ὡς
347 3423 382 3490 R,
402 3417 452 3478 καὶ
474 3422 534 3478 ιιι.
634 3426 680 3480 13.
695 3409 845 3498 Ὅμηρος]
868 3422 899 3478 ιι.
920 3426 948 3488 ε,
968 3421 1035 3480 304.
1132 3419 1164 3492 ἐξ
1184 3442 1240 3482 om.
1262 3424 1299 3484 R.

220 3515 267 3572 14.
288 3507 440 3589 όπυομίνη
460 3515 496 3572 V.
577 3519 623 3573 17.
645 3509 697 3570 διὰ
717 3515 772 3572 τοῦ
792 3511 831 3588 ffl
854 3515 1074 3572 Choeroboscus
1096 3515 1190 3572 Gaiss.
1211 3537 1241 3595 p.
1258 3522 1308 3591 76,
1329 3523 1375 3578 33.

218 3602 255 3666 τὸ
267 3601 379 3665 Αίίτων
398 3597 496 3682 ὄνομα
517 3600 622 3685 κόριον
642 3599 676 3662 όν
697 3605 789 3682 διχῶς
809 3603 950 3674 κλίνεται,
971 3604 1023 3663 καί
1041 3602 1102 3683 γὰρ
1119 3604 1171 3666 διδ
1185 3611 1241 3668 τοῦ
1255 3613 1284 3671 ὦ
1297 3607 1377 3670 κατὰ

220 3695 275 3758 τὸν
298 3693 412 3759 κανόνα
437 3699 562 3768 τοῦτον,
589 3690 654 3758 οἷον
681 3696 849 3782 ι(Αίσωνος
874 3694 941 3767 υίὸς
960 3695 1115 3775 Κρηθέως
1135 3695 1189 3780 εἶφ’
1212 3699 1378 3778 ιιίματος”,

221 3789 272 3850 καί
292 3788 345 3850 διὰ
364 3793 420 3849 τοῦ
439 3797 470 3858 δ,
493 3789 545 3850 διὰ
564 3787 600 3851 τό
619 3788 745 3866 μέτρον,
773 3783 838 3850 οἷον
858 3786 899 3860 ὡς
918 3788 1004 3870 παρὰ
1024 3793 1069 3872 τῷ
1094 3795 1205 3872 ποιητῇ
1233 3789 1380 3877 αΑἴσονά

220 3877 246 3942 τ’
272 3878 328 3960 ἡδί
355 3879 514 3966 Θίρητα”.
633 3881 794 3959 Ἡσίοδος]
821 3887 935 3962 Theog.
957 3890 1024 3946 993.
1051 3883 1223 3963 Αίσονίδής
1246 3888 1380 3967 βουλῇσι

222 3976 314 4034 θεῶν.
334 3977 431 4053 itaque
452 3971 494 4046 ιῖις
508 3973 657 4046 Ἡσίοδος
676 3988 743 4057 post
761 3974 933 4054 Αίσονίδης
953 3989 1119 4057 transpone.
1213 3985 1324 4040 17.18.
1344 3977 1380 4040 τό

224 4065 257 4126 δὲ
277 4071 313 4139 X,
333 4065 387 4129 τόν
407 4065 441 4128 δέ
460 4071 535 4129 libri.
615 4075 661 4130 18.
682 4067 862 4145 Αίσωνίδής
881 4073 917 4128 R.
995 4065 1121 4131 Αίσονιί
1141 4068 1166 4132 τ’
1188 4074 1224 4141 V,
1244 4069 1381 4132 Αίσονα-

222 4181 277 4221 του
298 4165 334 4232 R,
353 4160 491 4232 Αίσονος
510 4168 543 4222 Α.
570 4174 635 4222 sunt
656 4165 773 4224 Homeri
793 4163 851 4224 od.
874 4169 919 4233 11,
939 4169 997 4226 258
1015 4156 1140 4225 Αίσονιί
1160 4159 1184 4224 τ’
1206 4160 1262 4242 ἠδέ
1285 4161 1382 4243 Φέρη·

222 4247 249 4310 τ’
264 4245 447 4330 Ἀμυθάονά
471 4250 504 4314 δ’
526 4250 743 4335 ἱππιοχάρμην.
770 4265 836 4335 post
864 4254 989 4336 Φέρητα
1014 4260 1079 4318 libri
1105 4259 1173 4318 add.
1201 4255 1274 4327 αίεί,
1304 4259 1383 4336 quod

225 4365 261 4404 ex
280 4341 465 4424 Ἀμυθάονα
486 4361 649 4430 corruptum
669 4349 790 4408 videtur.
908 4357 955 4410 20.
968 4357 1015 4412 21.
1033 4345 1217 4429 Ὀρδοσιεός
1237 4362 1307 4412 ante
1326 4353 1363 4410 X.

225 4441 273 4498 21.
294 4433 336 4510 ὥς
355 4458 412 4500 om.
432 4443 468 4512 R,
489 4439 540 4500 καί
560 4444 597 4502 V.
676 4447 723 4500 22.
745 4439 796 4502 καί
817 4446 958 4504 om.1w.
