2866 5092
777 276 827 345 44

313 454 485 544 Αἰγιον,
508 452 610 535 πόλις
625 451 771 537 Ἀχαίας,
795 450 841 533 ὡς
858 448 1008 535 Είίδοξυς
1030 455 1063 524 ἐν
1082 455 1169 544 ἕκτη.
1204 450 1223 522 ό
1247 453 1385 544 πολίτης
1426 519 1430 522 .

225 574 383 664 Αἰγιεύς,
412 571 457 654 ιύς
484 571 503 643 ό
528 570 674 661 χρησμός
702 568 821 665 αὑμεῖς
848 569 881 640 δ’
906 571 1048 662 Αἰγιέες
1075 568 1152 642 αύτε
1178 571 1286 664 τρίτοι
1308 568 1383 641 ούτε
1426 607 1430 640 ν,

225 689 414 778 τέταρτοι”.

309 807 570 900 Αἰγόσθενα,
594 806 697 891 πόλις
719 808 930 901 Μεγαρίδος,
954 807 1152 899 οὐδετέρως,
1176 809 1223 894 ὡς
1242 821 1382 881 Παυοα-
1428 877 1429 880 ,

201 929 311 1011 ενίας.
350 931 389 999 τό
412 929 550 999 ἕθνικόν
573 923 717 1018 ιῗίφειλεν
739 926 983 1015 Αἰγοσθενεύς,
1006 925 1053 1011 ὡς
1073 928 1264 1020 Μεγαρεύς.
1311 941 1382 1000 Πο-
1428 965 1431 998 ε

226 1047 343 1136 λόβιος
365 1045 398 1117 δ’
415 1044 667 1135 Αἰγοσθενίτην
683 1046 794 1136 φησίν,
818 1043 863 1129 ὡς
877 1045 1018 1133 Γάβαλα
1034 1047 1234 1140 Γαβαλίτης.
1263 1047 1382 1138 Ἀρκό-

226 1172 302 1249 διος
324 1164 356 1236 δ’
381 1164 635 1254 Αἰγοσθένειαν
657 1161 761 1256 αὐτόν
782 1189 867 1256 φησι
888 1166 946 1234 καί
969 1166 1123 1248 Φωκίδος
1149 1166 1263 1238 πόλιν.

311 1284 444 1372 Αἰγδς
470 1281 669 1366 ποταμοί,
699 1281 801 1366 πόλις
828 1286 863 1353 ἐν
886 1281 1132 1374 Ἑλλησπόντῳ.
1176 1286 1215 1355 τό
1245 1284 1382 1356 ἰδνικόν

226 1400 514 1492 Αἰγοπσταμίτης.

188 1563 214 1600 10
311 1529 350 1592 A
355 1519 517 1610 ίγουσα,
535 1523 635 1607 νῆσος
649 1516 795 1608 Λιβύης,
810 1521 895 1588 κατὰ
910 1519 1048 1607 Λίβυας
1062 1523 1220 1611 λεγομένη
1237 1521 1380 1614 Κατρία.

224 1643 263 1712 τδ
286 1639 422 1710 ἐδνικόν
443 1637 668 1728 Αἰγουσαῖος,
693 1633 739 1719 ὡς
759 1646 994 1721 Σκυτουσαῖος.

308 1757 540 1849 Αἴγυπτος,
571 1757 628 1824 καὶ
655 1753 674 1845 ἡ
701 1753 793 1846 χώρα
821 1758 878 1825 καί
904 1754 922 1826 ὁ
946 1756 1110 1845 ποταμός.
1154 1755 1282 1850 ἐκλήθη
1310 1755 1380 1826 ἀπό

223 1883 284 1947 τοῦ
304 1874 500 1966 Αἰγύπτου,
530 1874 576 1958 ὡς
597 1871 719 1962 Χάραξ
746 1871 884 1967 «Βήλου
911 1881 993 1957 παῖς
1020 1872 1067 1944 δίν
1093 1877 1149 1945 καὶ
1169 1875 1304 1968 Ἀερίας
1323 1883 1382 1968 τῆς

226 1999 283 2066 καὶ
298 1994 529 2080 Ποταμίτιδος
548 1988 753 2080 βασιλεύσας
774 1990 831 2081 ἐτη
852 1991 1092 2084 τετταράκοντα
1112 1993 1228 2086 τρία”.
1261 1998 1302 2066 τό
1320 1998 1381 2066 ἕθ-

190 2151 214 2190 1⁵
228 2117 319 2186 νικδν
347 2112 556 2203 Αἰγύπτιος,
588 2107 634 2192 ὥς
661 2108 728 2195 ἔχει
756 2111 794 2180 τδ
824 2109 976 2198 ἰαμβεῖον
1006 2115 1136 2206 αδεινοὶ
1163 2115 1303 2182 πλέκειν
1328 2141 1383 2182 τοι

224 2234 370 2324 μηχανὰς
383 2227 609 2321 Αἰγύπτισι”.
643 2229 700 2297 καί
721 2227 952 2318 αἰγυπτιόζειν
966 2231 1005 2299 τό
1020 2235 1191 2321 πανοῦργα
1208 2235 1265 2302 καί
1281 2232 1381 2304 δόλια

225 2355 281 2422 καὶ
302 2351 435 2420 ὕπουλα
457 2345 627 2440 πράττειν.
671 2350 711 2418 τό
738 2350 887 2438 θηλυκὸν
908 2349 1101 2440 Αἰγυπτία,
1129 2351 1186 2419 καί
1210 2352 1250 2420 τό
1271 2351 1382 2442 Αἰγύ-

225 2499 336 2542 πτιον.
368 2466 496 2558 ἐκλήθη
518 2468 575 2534 καί
595 2464 722 2558 Μύσρα
744 2463 764 2556 ἡ
785 2465 877 2558 χώρα
897 2465 967 2538 ύπό
993 2466 1170 2552 Φοινίκων,
1191 2473 1249 2540 καί
1266 2471 1381 2563 Ἀερία

226 2594 282 2661 καί
303 2594 500 2675 Ποταμῖτις,
521 2588 579 2654 καὶ
595 2583 709 2654 Ἀετία
731 2583 802 2655 ἀπό
822 2611 915 2667 τινος
933 2583 1041 2657 Ἰνδοῦ
1056 2583 1184 2656 Ἀετσῦ.
1221 2589 1261 2659 τὸ
1286 2592 1381 2660 ἔδυν.

253 2697 1378 2774 κυνεοῑινΑιῑθιυννι

186 2741 283 2789 901107
305 2735 384 2780 00011
406 2735 476 2778 απθ
497 2733 558 2775 του
579 2731 699 2791 0110106
763 2729 870 2784 SMUC
895 2731 941 2785 ως
961 2709 1125 2798 Ᾱέρίδυς,
1149 2732 1229 2776 00011
1252 2711 1273 2776 (λ
1310 2737 1379 2779 ano

223 2836 283 2900 τοῦ
305 2826 462 2918 ἐγχωρίου
483 2822 641 2913 Ἀετίτης.
675 2819 761 2892 ἀλλὰ
784 2823 842 2891 καί
859 2819 992 2912 Ὠγυγία
1014 2824 1162 2894 ἐκαλεῖτο
1183 2828 1242 2896 καί
1259 2823 1380 2918 Ἕρμο-

222 2946 341 3034 χύμιος
374 2945 432 3011 καί
458 2939 681 3028 μελόμβωλος
711 2943 768 3010 καί
794 2935 994 3030 Ἦφαιστία.
1037 2941 1109 3014 ἔστι
1141 2946 1179 3014 δὲ
1208 2946 1266 3014 καί
1297 2939 1379 3034 ι’ίλλη

223 3066 403 3156 Αἴγυπτος
427 3058 541 3149 μικροί.

224 3327 251 3379 1.
272 3313 383 3395 Λίγυον
402 3347 441 3358 --
461 3317 489 3372 2.
505 3302 633 3389 Αἰγιεύς
652 3331 708 3370 ουν.
723 3314 758 3369 R.
836 3317 865 3370 2.
884 3309 936 3370 καί
955 3333 1009 3391 pro
1029 3310 1070 3385 ὡς
1088 3317 1125 3374 R.
1201 3311 1327 3394 Αἰγιίες
1345 3317 1380 3382 V,

223 3405 327 3487 Αίγιίε
348 3405 417 3475 An,
438 3402 560 3482 Αἰγίνεε
580 3405 615 3462 R.
700 3406 728 3463 4.
749 3401 948 3479 Παυσανίας]
971 3411 998 3475 1,
1016 3409 1064 3478 44,
1084 3411 1111 3468 4.
1197 3415 1226 3468 6.
1247 3407 1278 3466 Γ
1276 3403 1379 3484 αβαλί-

223 3503 329 3578 τηνΒ.
407 3504 434 3557 7.
450 3493 640 3565 ΦωκίδοςΒ,
658 3493 788 3554 Φωκίδα
802 3497 865 3554 AV.
943 3495 1238 3576 9.Αίγσιιοταμίτης
1253 3499 1379 3568 AHRV,

223 3587 499 3670 Αίγοοποτυμίτης
519 3589 566 3646 W.
588 3591 626 3647 cs.
646 3591 773 3647 Lobeck.
793 3590 832 3648 ad
850 3589 958 3664 Phryn.
981 3610 1009 3666 p.
1031 3596 1097 3650 665.
1183 3601 1230 3652 10.
1252 3590 1380 3671 Κυπρία

227 3689 262 3746 Η.
341 3689 389 3743 13.
401 3682 457 3740 τοῦ
478 3683 545 3740 ιιδδ.
560 3684 596 3740 V.
676 3677 1027 3749 14.15.τόΑίόύπτιος
1046 3684 1083 3740 V.
1162 3690 1208 3745 15.
1225 3683 1378 3761 ἰαμβεῖον]

224 3777 358 3852 Aeschyli
379 3795 426 3854 ap.
447 3774 537 3832 schol.
557 3777 644 3832 Arist.
665 3777 742 3833 Nub.
764 3780 849 3833 1128.
951 3778 998 3833 18.
1020 3769 1142 3849 Μύσρα
1162 3778 1184 3834 1.
1208 3779 1381 3846 Gronovius,

225 3865 349 3946 Μύαρα
371 3870 444 3926 libri.
523 3873 571 3926 22.
584 3861 790 3943 μελάμβιυλος
803 3866 935 3924 Ευεῐευίι.
950 3867 987 3923 ad
1002 3867 1088 3924 Dion.
1101 3869 1166 3925 Per.
1181 3875 1249 3938 239,
1268 3864 1382 3945 μελάμ-

223 3963 321 4038 βαλος
341 3960 383 4030 Π,
403 3954 600 4035 μελόμβυλσς
618 3961 707 4017 ARV.
728 3960 879 4036 Philippus
901 3959 985 4016 Anth.
1007 3959 1070 4017 Pal.
1085 3965 1113 4032 6,
1127 3966 1194 4020 231.
1216 3957 1381 4040 Αἰγύπτου

223 4051 377 4130 μεδέουσα
402 4048 617 4127 μελαγηλιόλου.
649 4053 686 4108 εί.
709 4051 799 4109 schol.
822 4050 929 4125 Odyss.
949 4053 977 4120 4,
998 4055 1069 4109 356:
1096 4046 1112 4110 ὁ
1134 4053 1247 4120 Νεῖλος
1267 4053 1383 4130 πολλὴν

225 4143 409 4226 καταφέρων
439 4141 505 4202 ἰλύν
535 4140 592 4220 τὴν
619 4138 808 4218 καλουμένην
838 4134 921 4199 κότου
942 4134 1051 4220 χώραν
1076 4133 1150 4219 ὅλην
1176 4141 1381 4223 προσέχουσιν,

225 4235 300 4298 ὅθεν
325 4237 375 4296 καί
398 4236 555 4313 μέλαινα
580 4236 725 4293 καλεῖται.
756 4229 866 4310 ὁρᾶται
893 4229 926 4291 δὲ
951 4232 1002 4292 καί
1028 4229 1073 4312 (δ’
1096 4233 1187 4306 ἐκεῖἰ)
1212 4233 1303 4314 μίχρι
1330 4239 1382 4295 νύν

226 4317 371 4409 κογχύλια
384 4329 433 4388 καί
449 4323 589 4396 λοπάδες.
607 4330 682 4385 idem
698 4340 793 4386 terrae
808 4327 887 4384 color
900 4328 1043 4384 indicatur
1055 4325 1382 4408 υοιυίυυἝρμοχύμιος

227 4429 285 4482 sive
300 4415 516 4496 Ἓρμοχήμιυς.
