2880 5070
604 251 675 324 711

62 440 123 506 τοῦ
147 428 358 514 ’Μακεδόνος
390 437 452 500 τοῦ
483 427 674 513 Λυκάονος.
715 427 803 522 [ἔστι
839 430 896 498 καὶ
931 403 1027 519 άλλη
1048 427 1224 520 Ειλβυίαςὶ]

59 552 292 644 Ἀριστοτέλης
320 555 400 639 γοῦν
421 550 480 619 τόν
503 547 658 638 Ὠρωπόν
680 545 813 640 Γραῖάν
829 575 921 641 φησι·
935 550 1099 658 λέγεσθαι
1120 545 1163 643 «ἡ
1188 551 1226 619 δὲ

61 679 172 762 Γραῖα
198 667 306 752 τόπος
333 675 392 760 τῆς
416 667 587 760 Ὠρωπίας
609 670 695 758 πρός
715 674 757 759 τῇ
778 666 939 759 θαλάσση
961 664 1031 736 κατ’
1051 666 1224 759 Ἐρέτριαν

62 797 121 883 τῆς
136 788 286 877 Εὖβοίας
302 785 470 877 κειμένη”.
508 785 580 857 ἔστι
596 789 652 857 καὶ
662 786 757 877 τρίτη
773 783 808 858 ἐν
822 785 936 880 Συρίη,
959 794 1138 857 κτισθεῖσα
1154 784 1223 858 ὑπὸ

63 907 269 999 Νικάτορος,
297 909 377 997 περὶ
405 896 443 997 ἧς
472 903 705 996 όπυλυΐατιυρ
735 907 769 976 ἐν
796 911 843 996 τῷ
869 907 947 997 περὶ
969 904 1092 996 Συρίας
1122 910 1248 998 opalus

64 1030 171 1111 oiircug
194 1029 383 1122 ε(ῖΞενοιγιιῖν
398 1025 439 1096 ἐν
461 1033 534 1108 ταῖς
557 1022 801 1118 άναμετρήσεσι
821 1031 887 1094 τοῖν
903 1021 991 1114 ὀροῖν
1006 1027 1085 1113 περὶ
1101 1021 1224 1116 Ἀμφί-

64 1152 168 1220 πολιν
196 1153 334 1216 κεῖσθαι
362 1142 466 1216 πόλιν
489 1123 673 1236 Ὠρωπόν,
689 1139 728 1236 ἢν
756 1142 920 1234 πρότερον
945 1143 1140 1232 Τελμησσόν
1164 1165 1224 1210 κα-

64 1273 202 1338 λεῖσθαι
226 1261 294 1336 ὑπό
317 1269 383 1336 τοῖν
404 1262 596 1334 κτισάντων.
635 1263 756 1354 ταύτην
779 1266 819 1336 δέ
841 1289 947 1354 φασιν
965 1260 1036 1334 bod
1058 1258 1224 1332 Σελεύκου

63 1387 124 1457 τοῦ
150 1382 343 1474 Νικάτορος
368 1381 624 1454 ἐπικτιοθεῖσαν
650 1380 805 1472 Ὠρωπόν
834 1379 1039 1470 ὠνομάσθαι
1067 1378 1139 1452 ἀπὸ
1164 1385 1224 1470 τῆς

64 1505 99 1576 ἐν
127 1511 168 1597 τῇ
195 1501 334 1574 (Ελλάδι
362 1500 555 1594 Ὠριυποῦ”.
599 1502 691 1574 ἔστιν
712 1496 780 1571 οὖν
807 1504 864 1572 καί
891 1500 1037 1594 τετάρτη,
1059 1499 1161 1582 πόλις
1188 1499 1263 1570 ton

57 1621 171 1716 ’Ἀργει
193 1623 330 1711 ὕστερον
352 1630 542 1694 κτισθεῖσα.
584 1623 641 1693 καί
662 1622 800 1710 πέμπτη
823 1619 858 1691 ἐν
871 1621 1083 1714 ,Θεσπρωτίᾳ
1107 1616 1224 1711 [ἤγουν

64 1745 100 1816 ἐν
129 1741 349 1831 Νικοπόλει]
393 1744 527 1831 λέγεται
559 1743 624 1826 καὶΙ
644 1739 835 1831 ἀρσενικῶς.
882 1740 1088 1830 Θουκυδίδης
1119 1735 1223 1830 ὀγδόη

65 1843 220 1959 «ἔχοντες
248 1854 307 1930 οὖν
332 1860 392 1929 τόν
416 1857 570 1949 Ὠρωπόν
597 1858 822 1953 οἰιγιικνοιῖνταιἱ
841 1858 888 1942 εἷς
909 1862 970 1952 τήν
985 1856 1142 1930 Ῥόδον”.
1183 1857 1223 1926 τό

64 1982 204 2054 ἐθνικόν
226 1977 413 2066 Ὠριυπεύς·
444 1978 553 2063 οὕτως
575 1982 637 2070 γάρ
664 1977 710 2062 ὡς
737 1977 839 2062 αὐτὸς
866 1981 901 2050 ἐν
927 1985 1009 2048 νειῖν
1034 1975 1223 2068 καταλόγου

64 2099 187 2194 πριότη
206 2096 303 2194 αἔστι
320 2093 353 2166 δ’
371 2093 391 2188 ἡ
411 2105 516 2188 Γραῖα
531 2095 647 2182 τόπος,
668 2104 735 2168 τῶν
746 2096 927 2189 Ὠριυπέιυν
942 2095 1082 2180 πόλις”.
1114 2094 1222 2187 Στρά-
1236 2119 1262 2160 ιι

63 2376 91 2429 1.
106 2363 177 2428 iisse
203 2365 253 2427 καί
279 2360 357 2445 άλλη
379 2364 527 2446 Εὐβοίας]
551 2361 629 2430 lineo
650 2371 843 2451 expungenda
869 2389 934 2430 csse
960 2371 1030 2430 vidit
1050 2359 1220 2430 Salrnaslbs.

62 2462 101 2522 cl.
123 2463 297 2540 wesseling.
318 2462 356 2520 ad
376 2463 463 2522 Diod.
484 2465 546 2526 Sic.
567 2464 621 2524 vol.
642 2470 661 2526 2
681 2469 775 2542 pili.
853 2458 1123 2542 Z’Aprotorilar]
1145 2465 1221 2522 Vide
1321 2505 1324 2514 ι

64 2557 94 2614 in
111 2548 259 2632 Τάναγρα
275 2577 305 2635 p.
319 2561 385 2632 601,
397 2562 424 2616 3.
504 2554 535 2613 Γ
532 2553 632 2636 ραάαν
644 2559 679 2626 R,
701 2555 730 2614 Γ
728 2548 827 2634 ράναν
840 2557 877 2616 V.
955 2551 1048 2634 2.3.ίη
1065 2554 1099 2617 δι’
1115 2551 1223 2634 Γράνα

64 2647 102 2708 V.
199 2653 227 2707 3.
238 2649 266 2706 A.
287 2641 354 2706 κατ’
373 2644 532 2727 Ἐρέτριαν
551 2651 608 2726 τῆς
627 2643 764 2723 Εὖβοίας
783 2650 823 2718 Μ,
848 2645 899 2707 καί
917 2643 1074 2728 Ἐρετρίας
1094 2647 1145 2709 καί
1165 2643 1222 2708 Εὐ·
1303 2641 1304 2644 '

62 2737 155 2816 βοίας
174 2741 248 2798 libri.
327 2741 355 2798 t.
367 2738 454 2817 τρίτη
469 2739 502 2799 ίν
513 2736 626 2824 Συρίη]
642 2741 684 2798 Ea
697 2741 831 2818 Europus
846 2742 923 2799 dicta
937 2741 1002 2811 suit,
1023 2763 1082 2800 nou
1094 2743 1222 2822 Oropus.

63 2835 161 2892 Strab.
183 2837 214 2890 11
239 2853 269 2911 p.
290 2837 362 2892 ⁵24:
380 2825 476 2910 Ῥάγα
503 2821 619 2892 τὸτοῦ
640 2825 815 2910 Νικάτορος
839 2823 968 2908 κτίσμα,
996 2826 1012 2893 ὃ
1033 2831 1144 2904 ἐκεῖνος
1166 2830 1224 2910 μίν

63 2919 217 3002 Ειῖριυπὸν
242 2917 399 3000 ὠνόμασε,
425 2918 556 3002 Πάρθοι
576 2921 610 2982 di
632 2919 814 3006 Ἀρσανίαν,
841 2921 1026 3005 nocentius»
1045 2915 1143 2986 οὖσαν
1161 2927 1224 2990 τῶν

63 3014 219 3079 Κασπίων
237 3019 343 3077 πυλῶν
361 3013 580 3084 πεντακοσίους
600 3036 659 3074 που
680 3013 837 3087 σταιίιόυς.
925 3025 963 3080 Δ5.
983 3021 1028 3101 τηῖ
1048 3023 1082 3090 V,
1101 3021 1140 3100 τῇ
1161 3023 1221 3080 AR.

64 3119 93 3171 6.
114 3106 197 3188 ὀρῶν
221 3111 399 3183 Salmasius,
424 3102 509 3169 άλιυν
532 3109 608 3168 libri.
724 3115 752 3169 6.
763 3116 792 3170 7.
806 3105 1004 3191 Ἀμφίπολιν]
1030 3111 1105 3172 Vide
1133 3133 1222 3191 supra

64 3215 154 3286 pullo,
169 3210 215 3266 16.
237 3215 267 3264 ct
285 3206 359 3265 Plin.
374 3207 441 3265 ΝΗ.
456 3208 483 3274 5,
501 3208 553 3261 21:
573 3203 766 3283 Europum,
786 3205 1014 3284 Thapsacum
1036 3206 1222 3284 quondam,

65 3319 157 3358 nunc
182 3300 417 3382 Amphipolis.
534 3300 563 3355 7.
584 3288 672 3354 πάλιν
696 3297 765 3356 add.
786 3298 851 3356 RV.
970 3293 1143 3374 Τελμισοόν
1162 3300 1223 3366 All,

67 3385 276 3468 Τελμισόνλί.
378 3397 407 3452 8.
428 3387 465 3450 dl
482 3409 580 3469 φασιν
600 3391 635 3459 Η,
656 3383 684 3448 sl’
700 3384 824 3469 lpuonr
843 3391 917 3449 libri.
1018 3401 1046 3452 ll.
1065 3385 1224 3468 Ὠρωπόν]

66 3487 129 3544 lloc
149 3505 265 3562 quoquc
285 3505 321 3544 ex
341 3478 494 3564 Εάριυπόν
514 3493 688 3562 corruspturn.
794 3475 980 3558 ὠνομάσθαι
1000 3486 1036 3554 V,
1056 3483 1223 3542 καλεῖσθαι

64 3577 134 3644 APf,
154 3573 280 3636 καλίοαι
300 3579 336 3636 R.
444 3570 505 3636 άτιὸ
525 3576 581 3652 τῆς
601 3576 664 3644 RV,
685 3569 747 3634 άπὸ
767 3575 824 3634 τοῦ
844 3579 877 3634 A.
985 3583 1031 3636 10.
1051 3571 1083 3635 ἐν
1098 3567 1223 3636 Ἕλλάάι

61 3665 221 3747 Ὠριυποτῖ]
237 3670 314 3726 Dicit
328 3673 474 3749 Europum
490 3669 718 3728 Macedonicam.
797 3663 884 3738 πόλις
899 3671 935 3740 V,
954 3663 1048 3728 πάλιν
1063 3669 1099 3740 R,
1120 3689 1176 3727 orn.
1188 3672 1222 3729 A.

67 3768 170 3824 ll.12.
184 3754 280 3840 ἤγουν
298 3757 330 3819 dv
351 3762 402 3840 (τῇ
423 3762 493 3820 add.
504 3761 556 3836 V.)
578 3755 743 3818 Νικοπόλει
764 3761 977 3840 interpolatoris
998 3761 1224 3824 additamentum

66 3867 121 3918 est.
144 3875 169 3914 τ.
191 3855 289 3916 Talei.
310 3855 403 3932 Epist.
424 3857 487 3912 crit.
507 3875 537 3933 p.
559 3853 678 3911 XXXV.
767 3859 814 3911 12.
834 3851 899 3928 καί]
921 3851 957 3912 dl
974 3855 1037 3913 RV.
1116 3847 1224 3932 ὀγδόη]

66 3971 93 4010 c.
114 3955 161 4008 60.
182 3948 231 4014 ubi
251 3939 311 4024 ἤδη
333 3956 399 4023 post
418 3933 474 4004 οὖν
494 3947 625 4004 insertur.
744 3950 790 4006 13.
811 3941 868 4023 τὴν
887 3967 943 4004 orn.
965 3948 1001 4005 V.
1115 3949 1162 4006 tt.
1184 3941 1226 4014 ὥς

67 4035 176 4116 αὐτὸς]
202 4034 218 4100 ὁ
246 4033 342 4110 αὐτός
367 4035 407 4109 Il,
433 4039 511 4115 quod
536 4039 653 4118 probari
677 4049 788 4117 potest,
818 4041 843 4096 si
867 4039 1037 4116 Apollodori
1061 4039 1223 4117 excrnplurn

67 4136 105 4194 de
130 4129 147 4195 ὁ
171 4127 312 4212 Ὠρωπός
336 4143 403 4212 post
423 4135 450 4190 Τ
452 4131 604 4208 bucydidis
627 4134 711 4188 uerba
731 4132 874 4192 excidisse
895 4134 1029 4204 sumitur-3
1056 4151 1131 4207 quae
1152 4134 1225 4189 ratio

69 4227 168 4306 paullo
189 4228 367 4306 probabilior
386 4235 431 4284 est
450 4244 485 4283 ea
507 4245 592 4302 qulam
615 4226 639 4282 ll
662 4235 776 4282 occutus
798 4234 856 4293 est,
882 4226 931 4300 qui
958 4225 1050 4284 verbis
1071 4217 1113 4292 ὡς
1132 4217 1226 4302 αὐτὸς

68 4321 163 4398 ipsum
178 4319 346 4399 Apollodori
361 4339 464 4378 nornen
481 4319 635 4376 substituit.
714 4308 888 4395 καταλόγου
903 4317 949 4388 W,
970 4311 1131 4398 καταλόγῳ
1152 4319 1226 4377 libri.

70 4415 117 4473 15.
136 4405 302 4490 Ὠριοπίιυν
322 4414 357 4482 R,
375 4405 538 4489 Ὠριυπίιυν
557 4415 591 4482 A,
609 4404 786 4492 Ὠριυπιίιυν
805 4411 842 4468 V.
