2866 5092
782 269 831 346 32

228 454 507 542 μετηλλοιῶσδαι
528 453 564 522 δν
581 457 642 520 τοῦ
659 446 858 534 Ἐξουόνουν
872 451 911 521 τό
929 448 1093 535 Ἀζάνων.
1127 447 1200 521 ἔστι
1214 454 1253 523 δέ
1268 450 1390 538 δμοιον

228 580 276 663 τῷ
298 571 462 662 Βιδννίῳ,
484 571 563 661 περί
585 561 626 638 οὗ
647 569 795 659 ἐροῦμεν.

308 688 349 760 Ἀ
355 693 539 775 ζειῶται,
570 687 673 769 ἔθνος
691 693 750 777 τῆς
776 684 951 777 Τρωάδος,
981 686 1028 769 ὡς
1044 685 1238 770 Ἑλλάνικος
1260 690 1296 760 έν
1315 696 1390 770 Ιτοῖς

230 813 309 903 περὶ
334 807 473 879 Λυδίαν
501 807 602 896 λέγει.
645 804 736 876 ἔοικε
763 808 802 876 δὲ
829 806 869 874 τδ
898 803 1121 895 πρωτότυπον
1140 801 1260 891 ’Ἀζεια
1288 801 1387 890 εἶναι,

204 928 268 998 ιίί
295 922 320 1023 ᾖ
347 925 393 1010 ὡς
420 924 561 1012 Μάρεια
583 923 802 1017 Μαρειοίτης,
827 919 968 1016 Ῥάφεια
990 921 1207 1016 Ῥαφειοίτης.
1252 928 1388 1016 λέγεται

227 1053 266 1121 δὲ
287 1051 345 1118 καί
361 1045 495 1130 Ἀζειοί.
1141 1030 1143 1036 ¹

307 1164 489 1257 Ἀζηνιά,
524 1160 570 1246 ὡς
597 1161 750 1233 Πλωδιά
780 1160 935 1244 Λουσιά,
966 1166 1071 1253 δῆμος
1103 1165 1138 1234 ἐν
1161 1163 1297 1254 Ἀττικῇ
1326 1167 1387 1254 τῆς

222 1282 514 1365 Ἱπποθοωντίδος
536 1286 655 1374 φυλῆς.
678 1279 696 1351 ό
721 1279 865 1371 δημότης
880 1268 1060 1370 Ἀζηνιεύς,
1083 1278 1129 1364 ὥς
1146 1280 1306 1372 Ἑρχιεύς.
1342 1284 1384 1353 τά

226 1405 350 1473 τοπικά
380 1406 478 1492 δῆλα.

191 1553 216 1592 ιο
304 1518 475 1607 Ἀζιλις,
497 1518 599 1602 πόλις
620 1518 768 1609 Λιβύης.
806 1515 839 1586 οἱ
861 1520 900 1588 δὲ
922 1519 1000 1607 περί
1021 1515 1230 1589 Σαλούστιον
1253 1518 1294 1589 οὗ
1317 1518 1383 1590 πό-

226 1647 294 1725 λιν,
324 1639 413 1711 άλλά
440 1637 547 1710 τόπον
577 1641 662 1730 φασί
689 1638 746 1707 καί
773 1636 927 1722 ποταμόν
948 1631 1047 1705 εἶναι.
1089 1640 1178 1720 τινές
1201 1633 1383 1728 δέ’Ἀζιριν

224 1763 308 1849 μετά
330 1765 391 1830 τοῦ
412 1789 431 1852 ρ
455 1762 589 1849 λέγουσι
602 1759 661 1826 τόν
673 1761 791 1845 χῶρον.
824 1753 947 1844 Χάραξ
961 1756 999 1825 δέ
1013 1750 1148 1846 ’Άζιρον
1162 1759 1251 1846 λέγει
1268 1756 1381 1851 αὐτήν.
1409 1751 1410 1756 ¹

226 1879 246 1951 ό
268 1879 408 1969 πολίτης
423 1877 603 1967 Ἀζιλίτης,
628 1875 681 1945 δτι
703 1873 926 1964 πρωτότυπον
947 1872 995 1956 είς
1017 1881 1063 1958 ῖς,
1090 1859 1138 1965 τῷ
1159 1883 1305 1967 Λιβυκῷ
1321 1905 1381 1962 χα.

225 2004 362 2089 ρακτῆρι
389 1999 446 2066 καί
466 1993 662 2085 Αἰγυπτίῳ,
692 1995 748 2062 καὶ
775 1991 822 2076 ὥς
847 1992 1011 2080 Κάνωβος
1033 1994 1242 2084 Κανωβίτης.
1288 1996 1319 2067 εί
1345 1996 1377 2067 δ’

188 2144 212 2184 ιε
226 2115 409 2205 οὐδετέρως
424 2110 570 2204 Ἀζιρον,
593 2113 632 2182 τό
654 2111 791 2182 έθνικόν
811 2109 970 2201 Ἀζιρεός,
992 2110 1038 2194 ὡς
1059 2111 1228 2195 Σουνιεύς.

298 2233 488 2323 Ἀζωρος,
511 2230 613 2313 πόλις
627 2230 840 2320 Πελαγονίας
858 2238 917 2321 τῆς
932 2232 1109 2321 λεγομένης
1127 2231 1378 2323 Τριπολίτιδος,

224 2357 270 2440 ὡς
290 2353 458 2445 Στράβων,
478 2348 549 2422 ὑπό
570 2377 661 2434 τινος
681 2352 851 2439 ἐκτισμένη
867 2346 1027 2439 Ἀζώρου.
1061 2350 1193 2440 λέγεται
1214 2353 1271 2422 καί
1293 2358 1379 2444 πλη-

224 2480 389 2555 θυντικῶς
411 2471 470 2574 ςιέν
484 2466 680 2558 Ἀζώροις”.
714 2464 733 2536 ό
754 2467 894 2556 πολίτης
909 2465 1097 2558 Ἀζωρίτης,
1120 2465 1166 2549 ὡς
1181 2467 1376 2562 Ἀλωρίτης·

224 2592 326 2675 πόλις
361 2593 399 2662 δὲ
435 2587 652 2669 Μακεδονίας
689 2589 746 2655 καί
780 2583 800 2677 ἡ
826 2583 987 2678 Ἀλωρος.
1032 2585 1164 2670 Ῥιανός
1196 2587 1378 2682 Ἀζώριιαν

222 2812 421 2827 ..Μ

222 2956 250 3009 1.
263 2943 512 3022 μετηλλοιῶσθαι
525 2945 589 3012 RV,
607 2941 859 3017 μεταλλοιῶσθαι
879 2944 913 3000 Α.
988 2934 1174 3011 Ἔξουόνουν
1193 2941 1229 3010 Β,
1250 2936 1376 3006 Ξοάνου

221 3039 348 3107 AHRV,
363 3029 533 3112 Ἐξανιίγου
559 3036 592 3091 P.
625 3035 692 3090 sort.
720 3028 910 3102 Ἐξουανίου.
1026 3041 1054 3092 2.
1080 3029 1222 3114 Βιθυνίῳ
1248 3038 1291 3106 Η,
1317 3037 1376 3096 Βυ·

220 3128 319 3211 δηνίῳ
339 3130 413 3186 libri.
444 3195 450 3204 ,
491 3131 519 3187 3.
535 3119 703 3200 Ἀζειῶται]
725 3127 887 3200 Hesychius
902 3119 1070 3198 Ἀζιιῶταιι
1091 3121 1184 3194 λ’δνος
1196 3129 1252 3204 τῆς
1269 3126 1376 3207 Τρωά-

221 3223 283 3293 δος,
296 3219 460 3302 Σοφοκλῆς
471 3217 677 3288 Συνδείπνοις.
755 3222 784 3276 5.
794 3214 910 3295 λέγεται
921 3219 986 3287 RV,
995 3213 1132 3296 λέγονται
1143 3223 1178 3276 Α.
1257 3226 1287 3281 7.
1296 3217 1349 3295 Ἀζ
1367 3255 1376 3268 ·

219 3315 268 3376 νία
288 3317 362 3374 libri.
456 3304 596 3371 Πλωθιό
615 3304 745 3369 Λονσπί
765 3311 800 3378 R,
820 3309 958 3370 Πλωθία
977 3306 1108 3369 Λουσία
1128 3313 1188 3370 AV.
1210 3313 1249 3371 ss.
1270 3317 1375 3374 Aread.

218 3417 308 3490 ρ.99,
325 3415 372 3469 11.
451 3411 479 3464 8.
495 3400 739 3471 Ἱπποθωντίδος
758 3405 795 3462 V.
872 3396 1010 3481 Ἀρχιιός
1029 3405 1103 3472 libri,
1120 3398 1257 3484 Ἐρχιεύς
1275 3409 1375 3466 Meur-

218 3508 287 3562 sius.
366 3505 394 3559 8.
407 3505 436 3558 9.
448 3494 487 3556 τὰ
499 3493 610 3555 τοπικιλ
624 3494 703 3571 δῆλα
715 3498 770 3574 Pp,
783 3491 818 3554 τό
830 3493 957 3555 τοπικδν
969 3495 1063 3572 δῆλον
1072 3499 1162 3556 ARV.
1241 3505 1290 3558 10.
1301 3497 1376 3569 τοδς

217 3594 284 3672 περί
305 3583 498 3650 Σαλούστιον
519 3583 711 3664 (Σαλοόσιον
730 3587 782 3665 Π)
809 3590 971 3666 intelligunt
997 3591 1047 3647 viri
1073 3591 1151 3649 docti
1176 3591 1214 3650 de
1233 3593 1375 3650 Sallustio

218 3691 339 3764 Crisp03
359 3685 463 3742 rectius
484 3701 549 3740 eum
570 3681 627 3737 dici
646 3683 822 3759 putabimus,
845 3702 929 3760 quem
947 3683 1114 3740 Sallustium
1129 3684 1301 3759 Dionysium
1323 3705 1375 3744 ιο·

217 3791 263 3839 cat
282 3779 392 3835 Plinius
413 3786 442 3834 et
461 3777 491 3831 in
510 3775 545 3831 iis
566 3784 704 3832 memorat
723 3777 909 3853 scriptoribus
931 3777 1033 3850 quibus
1058 3777 1088 3834 in
1111 3778 1255 3834 tricesimo
1280 3781 1375 3856 primo

216 3872 354 3930 naturalis
379 3870 515 3926 historiae
541 3868 613 3924 libro
639 3886 708 3924 usus
729 3877 782 3926 est.
900 3872 947 3926 12.
967 3859 1085 3945 Ἀζιρον
1103 3869 1230 3937 Pinedo,
1252 3861 1376 3946 Ἀξιρον

216 3967 290 4024 libri.
369 3966 416 4021 13.
431 3955 579 4034 Ἀζιλίτης
599 3960 635 4026 X,
649 3952 799 4034 Ἀξιλίτης
819 3961 892 4016 iibri.
972 3960 1018 4017 14.
1040 3953 1245 4033 Κράμβουτις
1263 3961 1374 4039 Κρομ-

214 4053 360 4132 βουτίτης
379 4055 415 4112 Β.
503 4052 550 4110 14.
572 4056 619 4111 15.
640 4047 669 4108 οἱ
690 4045 720 4108 δ’
742 4045 911 4125 οὐδετέρως
930 4052 966 4108 V.
1055 4054 1102 4111 15.
1117 4043 1238 4129 Ἀξιρον
1258 4055 1334 4113 libri.

214 4147 249 4209 τὸ
263 4144 387 4208 ίθνικδν
400 4167 455 4206 om.
470 4148 505 4205 R.
577 4137 714 4219 Ἀξιρεός
728 4144 801 4202 libri.
881 4145 928 4202 16.
943 4141 1135 4220 Πελαγονίας
1150 4146 1210 4212 Av,
1226 4144 1372 4226 Πελαγω·

213 4238 280 4309 νίας
299 4242 334 4300 R.
451 4245 497 4306 17.
519 4230 685 4314 Στράβων]
712 4243 779 4315 7η.
801 4241 868 4295 327.
985 4227 1045 4293 ini
1064 4236 1109 4304 Μ,
1135 4228 1196 4293 άπό
1217 4237 1293 4297 libri.

214 4341 260 4394 18.
273 4332 453 4412 Σαλωρίτης
473 4333 508 4389 R.
589 4332 634 4390 19.
645 4323 765 4396 Ῥιανός
779 4329 887 4406 PpRV,
902 4323 1064 4405 Ἀρριανὸς
1079 4330 1113 4386 Α.
1135 4329 1174 4386 cs.
1190 4331 1275 4389 Anni.
1287 4333 1370 4392 Alex.

212 4448 242 4504 p.
263 4431 329 4485 2011.
358 4430 443 4486 verba
459 4418 578 4489 Ῥιανὸς
597 4453 634 4463 -
655 4439 750 4498 φησιν
769 4431 835 4498 post
855 4417 886 4478 ἓν
901 4414 1044 4494 Ἀζιόροις
1063 4425 1292 4500 transponenda.
