2866 5092
762 221 811 293 72

212 398 257 484 ὥς
278 402 313 472 ἐν
334 403 381 491 τῷ
400 398 501 490 τρίτην
523 403 736 487 Πτολεμαῖος
757 396 998 490 ἀποφαίνεται.
1035 395 1107 469 ἔστι
1128 398 1185 467 καί
1204 395 1314 480 τόπος
1334 397 1369 468 ίν

212 525 255 610 τῇ
271 514 345 610 ’Ἰδη
367 523 410 610 τῇ
435 524 569 611 Τρωικῇ
591 514 827 608 Ἀλεξάνδρεια
855 515 1047 607 λεγόμενος,
1077 517 1112 587 ἐν
1140 508 1167 607 ᾦ
1195 542 1283 607 φασι
1311 516 1369 585 τὸν

213 635 325 728 Πάριν
363 639 532 726 διακρῖναι
566 637 627 717 τὰς
661 632 764 718 θεάς,
803 632 849 718 ὡς
885 638 1109 726 Τιμοσθένης.
1159 636 1198 704 τά
1233 637 1370 706 &anxir

209 753 445 846 Ἀλεξανδρεύς
472 755 507 824 ἐκ
535 759 595 843 τῆς
620 750 841 846 Ἀλεξάνδρου
870 761 1010 844 γενικῆς.
1054 755 1094 823 τὸ
1123 751 1288 843 θηλυκόν,
1324 747 1371 832 άις

188 872 286 944 εᾶπδ
317 877 378 944 τοῦ
406 871 579 954 Σινωπεύς
608 871 771 956 Σινωπίς,
806 872 911 955 οίίτιυς
943 871 1013 943 ἀπὸ
1047 879 1107 942 τοῦ
1133 867 1372 961 Ἀλεξανδρεύς

210 991 432 1081 Ἀλεξανδρίς.
463 989 616 1078 Δίδυμος
630 993 668 1062 δὲ
683 991 915 1083 παρατίθεται
927 998 1043 1085 χρῆσιν
1058 993 1095 1074 ἒξ
1107 989 1372 1082 Ἐρατοσθένους

214 1117 276 1180 τοῦ
300 1109 563 1202 Ἀλεξανδρίτης.
610 1117 806 1202 Φαβωρῖνος
840 1111 878 1180 δὲ
911 1111 947 1180 ἐν
975 1116 1023 1201 τῷ
1054 1112 1133 1204 περί
1162 1112 1372 1199 Κυρηναϊκῆς

216 1229 350 1314 πόλεως
373 1227 674 1320 Ἀλεξανδρειοίτην
700 1230 784 1321 φησί
810 1229 904 1315 παρὰ
925 1229 1043 1318 τήν...
1066 1225 1371 1319 Ἀλεξανδρειανάς,

218 1347 265 1432 ὡς
291 1349 452 1441 Μὺρλεια
479 1346 710 1437 Μυρλειανάς,
735 1344 922 1437 Ἡράκλεια
942 1345 1195 1436 Ἡρακλειανάς.
1240 1349 1372 1437 λέγεται

181 1499 207 1538 ιο
219 1471 276 1539 καί
299 1464 741 1557 Ἀλεξάνδρειοςκτητικόν.
784 1463 943 1558 Νικάνωρ
974 1469 1013 1538 δὲ
1040 1464 1059 1538 ὁ
1086 1463 1240 1556 Ἑρμείου
1270 1467 1306 1536 ἐν
1331 1471 1374 1557 τῇ

213 1590 297 1680 Ιπερί
312 1584 567 1677 Ἀλεξανδρείας
582 1584 699 1679 πρώτη
713 1589 818 1654 ταῦτα
833 1581 945 1654 πάντα
960 1593 1062 1677 κυροῖ,
1085 1587 1142 1656 καί
1161 1587 1200 1655 τά
1217 1584 1374 1668 Ἀλεξαν-

219 1712 329 1799 δρῖνυς
356 1709 413 1780 καί
438 1707 478 1778 τδ
508 1703 774 1798 Ἀλεξανδρίνης,
807 1700 847 1773 ozi
872 1704 988 1789 μέντοι
1014 1707 1053 1775 τὸ
1076 1702 1374 1798 Ἀλεξανδρειίτης.

218 1825 290 1896 ἔστι
322 1829 379 1897 καί
412 1823 632 1916 άλεξάνδρεια
665 1820 790 1912 βοτάνη
824 1823 881 1890 καὶ
912 1819 1035 1913 φυτόν,
1071 1821 1148 1913 παρ’
1185 1818 1303 1905 άλλοις
1336 1824 1374 1893 δὲ

220 1941 422 2037 ἆλεξάνδρα,
443 1946 481 2028 ἐξ
500 1936 540 2033 ἧς
561 1945 720 2034 ἐστέψατο
738 1939 958 2031 Ἀλέξανδρος
977 1939 1013 2011 ἐν
1032 1948 1104 2022 τοῖς
1125 1938 1244 2030 ἀγῶσι.
1286 1944 1375 2023 τινὲς

182 2091 207 2130 ιε
221 2064 259 2133 δὲ
280 2061 407 2155 δανάην
428 2060 530 2156 αὐτὴν
551 2066 720 2143 καλοῦσιν,
742 2051 775 2129 σί
796 2064 835 2130 δὲ
853 2056 1100 2150 χαμαιδάφνην,
1123 2058 1155 2129 oi
1171 2063 1210 2132 δὲ
1228 2061 1374 2152 ε’πιφυλ-

220 2179 392 2250 λάκανθσν
412 2178 434 2271 ἢ
457 2179 707 2273 φυλλόκαρπον.

298 2297 501 2390 Ἀλήσιον,
538 2306 598 2390 τῆς
618 2295 764 2381 Ἤλιδος
794 2298 939 2392 απέτρης
956 2293 992 2392 ,τ’
1016 2294 1164 2388 Ὠλενίης
1194 2301 1252 2370 καί
1277 2297 1375 2392 Ἀλη-

220 2416 332 2488 σίου”.
366 2416 437 2490 ἀπὸ
455 2416 613 2508 Ἀλησίου
633 2423 694 2488 τοῦ
713 2421 934 2498 Σκιλλοῦντος
954 2415 1039 2485 vimi.
1072 2408 1170 2499 οὗτος
1190 2411 1224 2488 δ’
1249 2414 1289 2509 ἦν
1309 2425 1376 2488 τῶν

216 2535 462 2624 Ἱπποδαμείας
481 2536 685 2629 μνηστήρων.
720 2535 754 2606 oi
771 2537 809 2606 δὲ
824 2539 1015 2625 Γαργηττοῦ
1031 2532 1113 2619 υἱόν,
1136 2535 1194 2606 ἕνα
1210 2542 1277 2604 τῶν
1290 2539 1374 2623 μετά

181 2685 209 2724 το
220 2659 381 2740 Πέλοπος
395 2655 619 2750 ἀφικομένων.
656 2659 696 2726 τδ
719 2656 856 2728 ἐθνικδν
874 2651 1048 2743 Ἀλησιεύς
1068 2649 1115 2736 ὥς
1129 2654 1375 2746 Βουπρασιεάς.

220 2911 422 2925 ξοα-

221 3078 248 3132 1.
264 3071 296 3130 ἓν
316 3074 354 3152 τῇ
372 3068 400 3151 y'
420 3071 463 3129 Π.
540 3069 704 3145 Πτομαΐος
723 3071 759 3128 R.
836 3075 865 3129 3.
883 3065 1140 3147 Τιμοσδεσδίνης
1160 3073 1197 3131 V.
1275 3073 1376 3132 7.τοῦ

219 3167 281 3234 RV,
301 3162 336 3224 τὸ
357 3169 390 3224 Α.
508 3161 539 3224 ἓν
558 3165 616 3244 τῷ]
642 3162 792 3222 Excidisse
817 3163 930 3222 videtur
954 3183 1089 3222 numerus
1113 3165 1192 3236 libri3
1216 3186 1275 3224 non
1301 3168 1375 3225 enim

221 3259 336 3316 dubium
351 3269 405 3330 est,
426 3261 494 3335 quin
506 3259 582 3315 haec
595 3256 633 3313 ad
646 3257 801 3314 Phavorini
820 3254 1024 3324 παντοδαπάς
1044 3252 1183 3334 ἱστορίας
1202 3262 1376 3337 pertineant.

218 3358 247 3411 8.
268 3347 367 3428 πάλης
387 3351 491 3410 IIRV.
511 3369 566 3407 nec
585 3343 701 3418 πόλεως
720 3370 775 3409 nec
794 3344 893 3427 πάλης
913 3350 1048 3429 expedio.
1134 3349 1212 3426 [καί]
1233 3349 1320 3430 παρά
1340 3347 1376 3428 τί

220 3438 456 3521 [Ἀλεξάνδρεια]
471 3436 786 3520 ἈλεξανδρειονόςΒ.
808 3443 887 3520 quod
908 3463 964 3500 non
986 3443 1102 3501 sufficit.
1123 3447 1264 3523 suspicari
1282 3447 1377 3524 possis

213 3529 485 3613 Ἀλεξανδρειώτης
505 3531 581 3613 (μησί
597 3531 683 3611 πυρά
697 3530 733 3594 τδ
748 3529 998 3613 [Ἡρακλεώτης.
1019 3533 1084 3610 κοί]
1099 3530 1375 3617 Ἀλεξανδρειανός.

220 3631 331 3688 interim
352 3629 483 3685 lacunam
504 3627 637 3684 indicavi.
745 3634 792 3687 13.
819 3623 1002 3704 άλεξανδρεΐ
1020 3631 1056 3688 V.
1164 3632 1211 3689 14.
1233 3627 1378 3709 ἕστίιμετο

212 3717 426 3797 Ἀλίξονδρος]
454 3723 534 3778 Haec
554 3729 687 3798 spectant
706 3722 831 3779 sortasse
852 3720 890 3778 ad
908 3722 1056 3800 Euripidis
1076 3724 1281 3780 Alexandrum.

220 3817 267 3872 15.
290 3805 412 3890 δάφνην
431 3814 601 3871 Salmasius.
690 3817 796 3872 15.16.
817 3809 1091 3892 ίπιηιυλλάκανθον
1110 3815 1192 3884 ΡῆΠ,
1214 3809 1379 3893 ἓπιφυλλά-

220 3906 314 3963 κιθον
333 3905 368 3973 R,
393 3900 661 3984 ἒπιηυλλάκαιθον
681 3907 742 3974 AV,
768 3899 1038 3984 ἓπιηυλλόκαρπον
1056 3910 1094 3966 Χ.
1200 3913 1247 3966 16.
1269 3901 1379 3985 φυλλά-

220 4016 339 4073 καρπον
358 3999 394 4065 X,
416 3991 616 4075 φυλλόκαπον
635 3999 696 4067 AV,
717 3989 898 4076 φυλόκαπον
916 4000 952 4056 R.
1070 4004 1118 4059 17.
1137 3994 1281 4076 Ἀλήσισς
1304 4001 1379 4058 libri.

219 4089 288 4164 τῆς]
310 4083 397 4158 πόλις
416 4091 464 4148 W.
599 4089 711 4168 πέτρης
731 4085 756 4149 τ’
778 4110 815 4149 ex
835 4092 960 4150 Homero
987 4093 1033 4168 (il.
1055 4099 1100 4163 11,
1120 4091 1191 4164 757)
1214 4095 1381 4170 repositum,

220 4177 332 4259 πέτρης
350 4183 406 4258 τῆς
425 4183 486 4251 ΑΒ,
512 4179 625 4258 πέτρης
644 4184 707 4240 τῶν
726 4185 763 4240 V.
850 4187 897 4242 17.
910 4189 956 4243 18.
971 4177 1121 4242 Ἀλεισίσυ
1143 4185 1230 4242 codd.
1252 4187 1380 4243 Homeri.

222 4279 269 4332 18.
290 4271 493 4344 Σκιλλοῦντος
511 4276 680 4333 Eustathius
701 4277 738 4334 ad
760 4279 843 4334 Hom.
864 4297 894 4354 p.
916 4279 986 4344 304,
1007 4283 1059 4346 29,
1086 4275 1281 4353 Σκηλοῦντος
1305 4279 1380 4335 libri.

222 4359 249 4422 δ’
273 4351 310 4442 ἦν
329 4369 392 4437 RV,
413 4354 505 4444 imi.
597 4373 645 4427 20.
668 4363 884 4446 Βουπρασιεάς
902 4371 968 4439 ΒΗ,
989 4363 1209 4449 Συμπρασιιιίς
1230 4372 1305 4428 libri.
