2888 5084
632 283 705 356 177

87 459 161 532 δπδ
183 467 244 552 τῆς
265 459 314 543 εἰς
337 466 375 542 ὅς
398 459 539 545 εὐθείας
558 467 665 531 ταῦτα
687 466 744 533 καί
765 461 901 556 εἰκότως
927 463 995 552 ἔχει
1020 469 1060 538 τό
1085 471 1115 536 i·
1146 470 1185 546 τό
1215 473 1254 540 δὲ

86 567 312 672 Βορυσθένης
330 577 389 650 σ’ὐκ
407 577 455 662 εἰς
476 587 514 662 ὀ“ς
531 579 636 670 λήγει.
666 581 700 651 τί
717 576 776 651 οὐν
793 581 948 676 ὐροῦμενς
971 585 1026 656 ότι
1040 583 1253 678 ήκολοάδησε

87 705 136 790 τῷ
157 698 293 770 πλείονι
313 703 495 790 χαρακτῆρι
517 699 575 768 διά
591 704 652 769 τοῦ
667 705 692 767 ῖ.
718 702 761 769 τά
777 703 838 794 γάρ
856 705 914 772 διά
931 702 1125 796 διφύόγγου
1144 703 1252 796 ὀλίγα,

86 819 252 910 Ζελείτης
273 817 481 909 Σαμαρείτης
507 817 765 909 Δικαιαρχείτης
785 823 1017 915 Μαρωνείτης.

175 935 408 1029 Βοσίραρα,
438 932 542 1018 πόλις
559 933 756 1026 Αἰγύπτου.
797 942 837 1009 τό
864 940 1004 1012 ἐθνικδν
1024 942 1277 1035 Βοσιραρίτηςι

88 1059 150 1128 διά
172 1059 231 1126 τόν
253 1053 436 1147 ἔπιχιόριον
455 1052 573 1126 τόπον.

176 1173 413 1265 Βόσπορος,
436 1173 540 1257 πόλις
560 1172 697 1245 Πόντου
719 1178 803 1247 κατὰ
824 1178 884 1247 τόν
899 1180 1092 1272 Κιμμέριον
1112 1177 1251 1262 κόλπον,

86 1290 138 1376 ὡς
161 1290 291 1375 Φίλων,
322 1294 379 1362 καί
406 1294 566 1383 πορθμὸς
595 1290 783 1381 ὁμώνυμος,
815 1279 886 1367 άπό
911 1294 996 1382 Ἰοῦς
1019 1301 1093 1390 [τῆς
1109 1296 1250 1388 Ἰνάχου]

87 1408 303 1497 καλούμενος,
325 1410 474 1500 [καθείς]
491 1410 663 1498 Αἰσχύλος
680 1415 716 1482 ἐν
728 1422 912 1505 Προμηθεῖ
925 1417 1080 1511 δεσμώτῃ
1094 1417 1250 1510 [γράφει]
1316 1453 1319 1460 ·

240 1527 337 1599 ἔσται
360 1533 398 1602 δὲ
418 1539 556 1620 θνητοῖς
579 1531 686 1602 εἰσαεὶ
708 1528 808 1621 λόγος
827 1534 933 1622 μέγας
1264 1567 1291 1608 ιο

238 1653 299 1737 τῆς
320 1654 382 1740 σής
404 1649 556 1742 πορείας,
579 1649 766 1740 Βόσπορος
788 1647 821 1718 δ’
846 1650 1023 1739 ἐπώνυμος

242 1765 450 1858 κεκλήσεται.

91 1884 267 1978 [Στράβων
299 1889 338 1956 δδ
371 1887 407 1956 ἐν
440 1884 605 1978 ἑνδεκάτῳ
639 1892 706 1956 τοῖν
739 1894 978 1979 γεωγραφικιύν
1010 1886 1092 1959 τάδε
1125 1887 1251 1982 γράφει

92 2014 188 2102 κτοῖς
224 2007 263 2076 δὲ
298 2009 359 2074 τοῦ
392 2005 580 2098 Βοσπόρου
617 2004 796 2089 δυνάσταις
830 2004 978 2098 ὑπήκοοι
1013 2012 1251 2099 Βοσποριανοί

90 2124 214 2208 πάντες
234 2126 428 2207 καλοῦνται,
460 2127 517 2195 καὶ
545 2124 616 2197 ἔστι
642 2130 708 2195 ταῖν
728 2127 790 2212 μὲν
811 2123 1023 2217 Εὐρωπαίων
1043 2124 1250 2219 μητρόπολις
1263 2158 1288 2200 ιε

89 2248 128 2314 τό
146 2241 419 2327 Παντικάπαιον,
441 2251 508 2313 τῶν
530 2248 568 2316 δὲ
585 2242 749 2315 Ἀσιανῶν
768 2246 808 2315 τό
829 2244 1094 2337 Φαναγόρειον”.
1125 2271 1252 2335 μαρτυ-

90 2371 143 2454 ρεῖ
156 2365 195 2434 δὲ
212 2365 270 2433 καί
288 2363 426 2452 Φλέγων
440 2361 476 2433 ἐν
493 2361 730 2449 Ὀλυμπιάδων
745 2364 1036 2458 πεντεκαιδεκάτη,
1060 2365 1119 2436 ὅτι·
1135 2366 1252 2452 istaut-

90 2481 207 2553 λεύετο
236 2479 255 2553 ὁ
283 2478 469 2574 Βόσπορος
495 2479 607 2551 Κότυϊ
630 2487 678 2572 τῷ
703 2487 935 2574 Βοσποριανηῖ
961 2488 1110 2570 βασιλεῖ,
1142 2476 1170 2574 ᾧ
1195 2485 1253 2554 καί

89 2599 243 2692 διάδημα
272 2602 424 2671 ἐκέλευσε
455 2608 571 2692 φορεῖν
601 2597 620 2669 ό
649 2606 799 2690 Καῖσαρ,
832 2601 889 2670 καί
919 2601 980 2684 τάς
1009 2600 1130 2684 πόλεις
1161 2600 1251 2691 αὐτῷ

89 2720 336 2804 καθυπίταξεν,
358 2721 393 2790 ἐν
415 2715 470 2802 αἷς
492 2725 695 2810 συναριθμεῖ
713 2720 770 2787 καί
793 2715 896 2808 αὐτήν
918 2724 1093 2811 Χερσαῖνα.
1126 2717 1187 2788 δύο
1211 2721 1251 2790 δέ
1262 2747 1289 2786 το

90 2837 158 2912 εἰσι
178 2836 284 2908 τόποι
298 2841 480 2932 Βόσποροι
501 2837 714 2925 καλούμενοι,
738 2830 787 2919 εἷς
806 2838 868 2922 μὲν
886 2833 905 2905 ὁ
920 2839 1109 2929 Κιμμέριος
1126 2837 1250 2908 καλού-

89 2984 192 3046 μενος
210 2957 355 3048 πλησίον
375 2963 563 3048 Χερσοῖνος,
586 2959 622 3028 ίν
641 2947 670 3047 ᾧ
690 2957 747 3024 καί
769 2956 809 3025 τδ
830 2956 1006 3043 βασίλειον
1021 2961 1088 3026 τοῖν
1107 2963 1250 3029 Βοσπο-

92 3081 217 3168 ριανοῖν
239 3070 294 3167 ήν,
325 3076 435 3168 ἕτερος
457 3079 495 3148 δὲ
516 3075 552 3146 ὐν
572 3073 763 3166 Βυζαντίῳ,
791 3077 884 3145 καθά
911 3083 1105 3167 Φαβωρῖνος
1127 3075 1250 3168 γράφει

94 3193 314 3290 ι,Βυζαντίων
336 3196 437 3285 λιμήν
458 3191 644 3285 Βόσπορος
663 3189 851 3263 καλεῖται”.
893 3199 1053 3284 μαρτυρεῖ
1074 3194 1112 3263 δὲ
1133 3196 1189 3262 καί
1210 3195 1249 3262 τό

90 3426 119 3480 3.
140 3415 243 3478 πλέονι
264 3421 301 3478 V.
399 3418 451 3478 διὰ
471 3422 527 3480 τοῦ
547 3413 721 3500 διῳθόγγου
743 3423 779 3480 V.
887 3424 915 3481 5.
937 3411 1156 3499 Βοσισιιρήτης
1175 3420 1250 3478 libri.

90 3519 119 3573 7.
140 3506 319 3591 Βόσπορος]
340 3513 372 3571 ln
392 3514 447 3572 hac
467 3517 595 3574 sectione
615 3533 690 3589 quae
710 3514 878 3591 parenthesi
897 3513 1010 3570 inclusa
1029 3521 1109 3582 sunt,
1130 3533 1146 3570 e
1168 3513 1249 3571 Con·

90 3617 178 3666 stant.
197 3605 379 3685 Porphyrog.
400 3607 505 3666 Them.
526 3612 546 3666 2
565 3625 595 3683 p.
609 3609 648 3665 30
668 3605 719 3683 (63
739 3605 849 3676 Bonn.)
870 3604 1076 3683 supplevimus.
1160 3610 1188 3664 8.
1209 3599 1251 3674 ὡς

93 3695 201 3758 Φίλων
220 3717 276 3756 om.
299 3697 323 3755 C
343 3699 363 3755 i.
383 3717 409 3757 e.
432 3699 649 3757 Constantinus.
745 3707 772 3758 9.
793 3695 825 3757 ἔν
842 3697 889 3778 τῷ
910 3697 945 3755 C.
1033 3689 1167 3774 δεσπότῃ
1186 3697 1250 3767 RV,

92 3813 149 3852 ons.
170 3793 207 3850 C.
331 3795 378 3850 13.
404 3785 556 3871 ἑνδεκάτῳ
582 3790 633 3871 (p.
653 3792 729 3866 495)
755 3792 921 3857 Betthorus,
953 3782 1071 3868 δεκάτῳ
1098 3790 1172 3847 libri.

91 3888 203 3945 1515.
223 3875 354 3959 ὐπήκοοι
381 3878 519 3960 (ἐπήκοοι
544 3883 583 3960 C)
609 3875 693 3951 ὄντες
720 3872 852 3949 ἅπαντες
876 3876 1080 3955 Βοσπορανοί
1101 3881 1217 3940 Strabo.

92 3981 139 4036 15.
151 3969 348 4054 Εὐρωπαίων
357 3973 570 4055 Βοσπορανῶν
577 3969 766 4051 μητρόπολις
777 3975 892 4032 Strabo.
958 3975 1004 4031 16.
1014 3966 1049 4032 τό
1064 3966 1250 4052 Φαναγόρου

91 4069 207 4137 Strabo,
229 4067 308 4145 qnod
327 4086 365 4126 ex
384 4078 483 4125 nostro
500 4068 700 4144 corrigendum
713 4067 835 4125 videtur.
914 4069 961 4123 17.
980 4057 1199 4140 Ὀλυμπιάδων
1211 4067 1251 4132 M,

88 4153 276 4235 Ὀλυμπιάδι
291 4153 408 4220 stride
422 4161 460 4218 nd
471 4159 502 4218 Γ
499 4156 588 4240 ίργις.
667 4165 715 4219 18.
728 4154 972 4231 Βοσποριανῶνῖ
1049 4163 1096 4218 19.
1107 4155 1250 4234 Καῖσαρ]

92 4253 170 4312 Vide
190 4252 229 4310 ad
250 4251 280 4310 Γ
278 4247 367 4332 ε’ργις.
484 4258 530 4312 22.
551 4251 732 4331 Χερσῶνος]
758 4252 882 4308 Nomine
907 4249 977 4318 hoo,
1002 4269 1174 4326 quamquain
1196 4251 1253 4307 iarn

92 4357 161 4404 ante
182 4343 309 4404 medium
329 4363 430 4403 aevum
451 4348 548 4415 obvio,
568 4345 734 4424 Stephanos
754 4355 849 4404 tamen
870 4361 927 4400 non
948 4361 1016 4400 usus
1036 4360 1103 4401 esse
1125 4341 1253 4410 videtum

90 4441 117 4498 is
139 4438 298 4518 scripserat
316 4429 530 4514 Χερσονήσου.

128 4546 217 4602 Stepo.
230 4544 329 4601 Βχταοι.
1017 4528 1055 4582 12
