2902 5070
783 244 859 322 202

242 435 308 499 τῶν
332 434 451 520 τριχόίν
478 425 562 498 καθ’
587 422 626 498 δν
651 423 692 496 δν
718 425 827 496 τόπον
851 421 885 520 ᾖ.
929 425 1001 497 ἔστι
1027 429 1068 499 δὲ
1095 424 1310 518 δυσθήρατον
1337 428 1398 499 διά

241 549 300 639 τῆν
320 544 523 637 μεταβολήν·
555 544 643 630 οίοις
663 549 724 637 γάρ
747 543 788 616 ib
807 541 832 639 ᾖ
852 545 988 630 τόποις,
1016 553 1170 631 τοιοῦτος
1189 547 1317 638 γίνεται
1336 547 1399 638 τῆν

240 668 345 760 τρίχα.
388 668 444 735 καί
473 670 610 752 θαῦμα·
643 663 662 735 ὃ
691 667 753 757 γάρ
778 665 972 752 χαμαιλέων
999 670 1056 736 καί
1083 665 1102 738 ό
1132 666 1310 748 πολύπους
1337 666 1398 754 τῆν

238 787 341 880 χρόαν
360 783 576 872 μεταβάλλει.
619 784 659 853 τό
680 785 828 874 μέγεθος
849 783 946 872 βοός,
969 793 1030 856 τοῦ
1052 783 1238 878 προσώπου
1258 785 1318 854 τόν
1338 781 1397 853 τό-

215 932 307 978 τπον
340 905 482 997 [ἐοικός]
516 899 649 993 ἐλάφῳ,
682 900 728 986 ὡς
756 901 988 996 Ἀριστοτέλης
1018 909 1162 996 πέμπτῳ
1191 901 1397 993 θαυμασίων

240 1022 468 1112 ἀκουσμάτων.
1097 1029 1101 1036 ’

323 1143 470 1224 Γενέα,
501 1138 593 1232 κώμη
621 1141 810 1232 Κορίνθου,
842 1138 861 1212 ὃ
890 1141 1030 1235 οἰκήτωρ
1054 1143 1225 1235 Γενεάτης.
1270 1143 1329 1238 ἀφ’
1354 1139 1395 1217 οὗ

238 1261 408 1354 παροιμία
439 1258 635 1355 αειίδαίμων
666 1257 685 1329 ό
716 1259 904 1351 Κόρινθος,
935 1265 999 1353 ἐμοὶ
1031 1263 1064 1335 δ’
1093 1264 1165 1356 etp
1193 1263 1394 1356 Γενεάτῆς”.

236 1385 325 1464 τινές
358 1381 419 1462 τάς
448 1377 520 1450 άπὸ
550 1377 671 1470 ταότρς
704 1384 845 1451 καλοῦσι
875 1381 1073 1466 Γενειάδας,
1107 1381 1154 1466 ὡς
1183 1389 1393 1476 Παρθένιος.

201 1503 326 1584 ιοτινές
347 1500 386 1570 δὲ
410 1499 516 1572 Τενέα
536 1496 715 1591 γράφουσι.
1401 1517 1403 1520 ·

322 1620 490 1709 Γενίση,
521 1615 624 1700 πόλις
647 1625 861 1711 Λακωνικῆς.
905 1622 944 1691 τά
973 1621 1110 1692 ἐθνικὸν
1139 1631 1318 1707 Γενεσαῖος
1345 1624 1392 1709 ὡς

240 1746 437 1827 Τεμεσαῖσς.
478 1733 617 1824 άμεινον
644 1741 682 1809 δὲ
705 1740 764 1808 διὰ
784 1741 845 1830 τῆν
864 1737 974 1831 χώραν
996 1741 1191 1833 Γενεσότης.

241 1857 246 1864 ’
320 1857 510 1949 Γενῆτης,
533 1857 632 1946 λιμὴν
646 1860 703 1927 καὶ
717 1860 872 1944 ποταμός
888 1861 1184 1951 [Καππαδοκίας].
1214 1860 1391 1934 Ἀπολλώ-

236 2006 308 2060 νιος
330 1973 435 2067 άκραν
449 1974 633 2065 Γενηταίαν
649 1977 742 2067 φησί.
775 1982 953 2070 Σοφοκλῆς
967 1983 1121 2068 ποταμόν
1136 1991 1167 2052 Γ
1164 1984 1263 2073 ένητα
1278 1983 1390 2075 φησίν.

197 2125 223 2165 15
236 2095 327 2167 ἔστιν
359 2090 418 2165 οὖν
446 2092 482 2164 ἐκ
511 2099 570 2184 τῆς
598 2096 742 2186 Γένητος
770 2104 900 2189 γενικῆς
928 2107 1107 2190 Γενηταῒσς
1139 2103 1197 2171 καὶ
1224 2111 1256 2172 Γ
1254 2103 1390 2193 ενηταία

236 2209 331 2304 άκρα.
375 2215 432 2282 καί
460 2214 499 2282 τό
528 2222 559 2284 Γ
557 2212 673 2306 ενῆτης
699 2216 736 2286 br
764 2222 823 2306 τῆς
851 2226 883 2286 Γ
882 2219 1010 2308 ένητος,
1043 2215 1090 2302 ὡς
1114 2227 1173 2311 τῆς
1204 2220 1390 2304 Οἰδίποδος

238 2332 426 2423 Οἰδιπόδῆς
454 2334 512 2402 καί
539 2331 700 2424 τρίποδος
727 2334 901 2426 τριπόδρς.
941 2334 1153 2428 Ἡρωδιανὸς
1182 2343 1220 2409 δὲ
1252 2338 1324 2434 αὡς
1349 2342 1388 2412 τό

234 2452 394 2544 σεληναία
416 2451 590 2538 ἆμαξαία”
618 2453 712 2544 φησί.

213 2591 223 2608 ’
319 2569 420 2643 Γενό
426 2600 463 2654 α,
487 2570 588 2656 πόλις
609 2579 675 2641 τῶν
694 2570 854 2664 Λιγύρων
872 2571 1017 2659 Ἰταλίας
1038 2579 1223 2668 καλουμένη
1244 2583 1302 2647 νῦν

194 2729 221 2768 νο
234 2691 281 2777 ὡς
295 2691 550 2785 Ἀρτεμίδωρος.
587 2695 626 2765 τό
649 2693 787 2763 έθνικδν
808 2691 985 2786 Γενοάτης.

316 2821 527 2896 Γενοαῖοι,
565 2811 668 2895 ἔθνος
701 2812 920 2897 Μολοσσίας,
960 2812 1031 2886 άπὸ
1069 2813 1196 2887 Γενόου
1231 2811 1387 2907 άρχοντος

231 2927 350 3013 αὐτῶν,
369 2927 498 3013 Ῥιανὸς
518 2931 657 3024 τετάρτῃ
681 2935 908 3002 Θεσσαλικῶν.

230 3213 259 3266 2.
273 3202 325 3266 διὰ
338 3201 396 3283 τὴν
407 3194 584 3279 μεταβολήν
596 3221 653 3258 om.
665 3202 710 3258 R.
765 3191 811 3270 οἷς
819 3203 855 3260 R.
866 3221 904 3260 an
917 3193 982 3272 οἶος
992 3235 1028 3248 -
1039 3197 1154 3274 τόποςλ
1217 3208 1247 3262 3.
1257 3199 1308 3262 καί
1320 3196 1385 3277 [οὔ]

229 3299 344 3374 θαῦμα
362 3297 533 3357 Salmasius.
555 3313 591 3352 an
609 3290 697 3351 καθά
710 3288 770 3373 γάρ
787 3287 1015 3370 όχαμαιλίωνλ
1101 3295 1151 3354 καί
1169 3291 1185 3358 ὁ
1203 3297 1239 3368 V,
1257 3293 1308 3354 καί
1324 3298 1384 3354 AR

228 3395 258 3453 4.
269 3384 473 3468 μεταβάλλειν
483 3385 526 3444 Π.
605 3391 633 3444 5.
646 3381 745 3455 torric
754 3387 822 3447 add.
835 3408 871 3447 ex
882 3390 1044 3448 Eurtatlrio.
1115 3385 1256 3470 πέμπτῳ]
1269 3386 1338 3467 περὶ
1349 3391 1385 3458 Χ,

229 3481 319 3553 ARV,
340 3485 396 3540 imo
412 3476 442 3558 ιῆ
456 3501 486 3560 p.
499 3485 546 3539 63.
559 3479 679 3538 Βεελοο.
758 3486 786 3540 7.
798 3479 829 3538 Γ
826 3475 892 3539 ιναί
910 3483 1003 3558 vulgo.
1074 3479 1245 3561 Κορίνθιος
1258 3503 1311 3560 pro
1325 3481 1384 3542 Κο-

229 3575 340 3653 ρίνθου
360 3573 404 3633 Π.
482 3579 511 3634 8.
523 3569 694 3650 Κορίνθιος
713 3575 787 3633 libri.
865 3581 893 3635 9.
906 3573 937 3633 Γ
933 3569 1083 3649 εκειάδιις]
1105 3576 1173 3633 Vid.
1193 3575 1288 3633 Anall.
1304 3576 1384 3633 Alex.

227 3693 258 3751 p.
272 3675 338 3729 287.
418 3675 465 3727 10.
481 3659 577 3725 Τινεά
593 3668 688 3742 vulgo.
762 3662 992 3744 11.Λοκωνικῆ
1005 3669 1041 3726 R.
1115 3660 1384 3743 11.12.ὡςΤεμε·

228 3767 317 3829 σαῖος
332 3761 400 3818 add.
412 3761 477 3819 RV.
557 3765 603 3818 12.
616 3758 646 3816 Γ
643 3753 787 3835 ενεσάτης
799 3761 836 3829 R,
856 3759 887 3818 Γ
883 3755 1046 3837 ενιστιίτης
1058 3762 1120 3820 AV.
1200 3767 1246 3820 13.
1260 3759 1290 3819 Γ
1287 3761 1386 3838 ενίτης

228 3855 272 3913 Π.
349 3849 578 3921 Καππαδοκίας
597 3853 666 3911 αδδ.
677 3854 718 3910 Μ.
798 3854 904 3911 1114.
919 3847 1136 3929 Ἀπολλώνιος]
1156 3856 1262 3930 Argon.
1274 3860 1302 3924 2,
1317 3860 1383 3914 378.

228 3951 275 4008 14.
286 3942 427 4020 ποταμὸν
443 3945 612 4015 Salmasius,
631 3940 771 4021 ποταμὸς
791 3946 864 4004 libri.
944 3952 991 4007 15.
1005 3945 1035 4006 Γ
1032 3944 1171 4023 ενητοία]
1193 3948 1242 4005 Cf.
1256 3949 1384 4008 Lobeck.

227 4040 323 4099 Paral.
344 4059 374 4116 p.
390 4043 456 4096 515.
535 4043 580 4096 17.
601 4035 635 4095 δέ
655 4039 764 4095 orn.V;
842 4034 878 4096 τὸ
899 4059 954 4096 orn.
975 4040 1012 4097 R.
1092 4045 1139 4099 19.
1153 4040 1306 4118 Λιγσριῦν
1325 4044 1384 4111 AV,

223 4129 380 4206 Ἰλλυριῶν
399 4130 435 4186 R.
510 4123 642 4196 Ἰταλίας
663 4131 813 4198 Cluverus‚
833 4131 898 4188 libri
918 4129 1046 4189 Σταλία.
1068 4133 1143 4191 idern
1164 4135 1319 4192 indicatam
1340 4136 1383 4192 la·

228 4243 329 4281 cunam
356 4221 542 4300 probabiliter
568 4222 665 4297 explet
690 4223 827 4280 addendo
844 4215 976 4282 Ἰάνοαα.
1002 4225 1103 4284 ltaliae
1123 4227 1238 4286 nornine
1258 4211 1389 4286 nostrum*

227 4319 312 4376 etiarn
333 4315 479 4390 Liguriam
500 4312 652 4390 complecti
666 4314 840 4388 intelligitur
865 4336 900 4374 ex
926 4320 960 4375 iis
981 4335 1056 4394 quae
1077 4339 1100 4376 ε.
1123 4338 1148 4376 r.
1169 4317 1321 4396 Δεκίρτον
1341 4321 1382 4379 λε-

90 4451 112 4470 ..
226 4419 341 4486 guntur.
373 4408 410 4465 cs.
432 4406 590 4487 Spanbern.
617 4405 653 4461 ad
680 4405 780 4464 lulian.
807 4429 836 4486 p.
858 4413 923 4470 255.
1041 4413 1088 4467 21.
1112 4410 1141 4468 Γ
1138 4418 1255 4481 ενσαῖος
1273 4415 1317 4474 3V.
