2888 5070
738 269 815 344 324

197 455 249 538 ’τίς
271 453 332 524 δύο
356 452 548 545 [ἐπαρχίας]
572 447 710 543 διῄρητο
732 448 803 520 ὑπὸ
822 448 1010 535 Ῥωμαίων,
1038 451 1109 517 νυνί
1128 447 1173 518 ’δὲ
1194 445 1243 528 είς
1263 445 1362 538 τρεῖς,

202 571 359 661 Βαιτίκην
391 569 625 642 Λουσιτανίαν
661 570 718 638 καί
755 565 1071 661 Ταρρακωνησίαν”.
1117 564 1364 657 Ἀρτεμίδωρος

201 693 239 760 δὲ
271 692 306 760 ἐν
335 697 376 782 τῇ
403 689 434 777 β’
464 697 530 759 τῶν
559 689 866 778 γεωγραφουμένων
897 685 983 757 οίίτω
1016 685 1230 775 διαιρεῖσθαί
1259 685 1365 776 φησιν

204 806 300 904 “dnn
322 811 361 881 δὲ
381 813 447 876 τῶν
468 808 671 898 Πυρηναίων
693 804 781 894 δρῶν
803 807 867 887 ἕως
886 812 953 876 τῶν
974 809 1058 876 κατὰ
1075 804 1225 895 Γοίδειρα
1246 800 1364 872 τόπων

175 931 259 999 ικαί
286 928 448 1018 ἐνδοτέρω
478 922 677 1012 συνωνύμως
706 924 833 1014 Ἰβηρία
860 951 897 994 τε
929 927 987 995 καί
1013 922 1167 995 Ἱσπανία
1198 927 1371 993 καλεῖται.’

201 1045 359 1140 διῄρηται
386 1050 425 1118 δι’
450 1043 523 1118 ὑπὸΔ
543 1041 716 1132 Ῥωμαίων
737 1041 786 1125 είς
808 1041 870 1113 δύο
892 1044 1123 1135 ἐπαρχίας...
1146 1041 1364 1113 διατείνουσα

204 1162 275 1235 ἀπὸ
302 1171 370 1235 τῶν
390 1163 591 1257 Πυρηναίων
618 1161 704 1254 ὀρῶν
732 1161 852 1232 ίίπασα
877 1165 973 1251 μέχρι
993 1170 1054 1255 τῆς
1073 1167 1205 1252 Καινῆς
1226 1169 1363 1251 Καρχη-

203 1281 301 1366 δόνος
322 1285 465 1353 καὶτῶν
485 1287 545 1352 τοῦ
566 1279 707 1362 Βαίτιος
728 1287 858 1369 πηγῶν,
879 1287 939 1372 τῆς
961 1284 999 1353 δὲ
1020 1283 1178 1372 δευτέρας
1199 1278 1363 1370 ἐπαρχίας

201 1403 243 1472 τὰ
271 1404 368 1492 μέχρι
396 1400 569 1487 Γαδείρων
597 1402 655 1468 καί
682 1397 952 1481 Λουσιτανίας”.
996 1399 1017 1491 ἡ
1046 1397 1080 1469 δ’
1110 1398 1207 1489 ἑτέρα
1234 1395 1362 1489 Ἰβηρία

165 1557 190 1596 ιο
203 1524 289 1611 πρὸς
310 1523 447 1612 Πέρσας
472 1517 553 1589 ἔστί.
599 1519 639 1587 τὸ
666 1517 804 1588 ἐθνικδν
822 1513 951 1608 Ἴβηρες
979 1515 1026 1600 ὡς
1054 1517 1176 1608 Πίερες
1202 1515 1362 1608 Βύζηρες.

202 1640 385 1723 Διονύσιος
409 1635 536 1734 κἀγχοῦ
558 1633 710 1726 οτηλοίιυν
729 1635 937 1726 μεγαθύμων
962 1636 1065 1722 ἔθνος
1088 1635 1262 1729 Ἰβήρων”.
1306 1637 1364 1704 καί

197 1755 441 1853 Ἀριστοφάνης
459 1753 651 1849 Τριφάλητι
671 1753 924 1850 αμανθυίνοντες
939 1756 1018 1837 τούς
1030 1751 1164 1845 Ἴβηρας
1177 1755 1257 1836 τοίις
1270 1751 1365 1845 Ἀρι-

203 1852 345 1967 στοίρχου
360 1871 508 1946 πάλαι”.
538 1877 595 1942 καί
611 1875 715 1969 «τοὺς
728 1870 862 1966 Ἴβηρας
877 1870 936 1956 οίίς
950 1881 1099 1964 χορηγεῖς
1110 1899 1172 1958 μοι
1186 1879 1364 1964 βοηθῆσαι

205 1991 355 2086 δρόμῳ”.
401 1995 458 2062 καί
477 1989 721 2083 Ἀρτεμίδωρος
748 1993 783 2062 ἐν
805 1995 949 2084 δευτέρῳ
970 1999 1037 2064 τῶν
1058 1993 1364 2085 γεωγραφουμένων

166 2149 191 2188 n
207 2115 443 2208 αγραμματικῇ
470 2112 508 2182 δὲ
532 2117 677 2201 χρῶνται
703 2118 744 2204 τῇ
771 2118 837 2182 τῶν
860 2109 996 2181 Ἰταλῶν
1018 2111 1051 2182 οἱ
1071 2115 1165 2205 παρὰ
1186 2110 1364 2181 θάλατταν

204 2232 371 2312 οἰκοῦντες
391 2234 458 2297 τῶν
475 2226 648 2319 Ἰβηρων”.
692 2233 750 2300 καί
773 2229 844 2300 ἀπὸ
865 2236 925 2322 τῆς
942 2226 1075 2322 Ἴβηρος
1096 2237 1227 2324 γενικῆς
1245 2229 1364 2321 Ἰβηρίς

203 2354 243 2422 τδ
258 2346 408 2442 θηλυκόν
424 2345 598 2443 «Ἑλληνίς,
613 2347 672 2418 οὐκ
683 2347 820 2442 Ἰβηρίς”
837 2353 1038 2439 Μένανδρος
1048 2349 1198 2421 Ἀσπίδι.
1230 2353 1364 2440 λέγεται

204 2473 262 2540 καί
285 2465 454 2561 Ἰβηρικός.
500 2465 714 2559 [Διονύσιος]
739 2466 890 2562 απόντος
908 2472 970 2556 μὲν
992 2465 1180 2561 πρώτιστος
1202 2469 1365 2561 Ἰβηρικὰς

205 2585 472 2678 δρχομένοισιν”.
503 2589 636 2678 λέγεται
650 2588 756 2656 δὲκαὶ
770 2584 938 2680 Ἰβηρίτης.
967 2591 1167 2679 Παρθένιος
1179 2591 1214 2660 ἐν
1224 2599 1364 2660 Λευκα-

67 2687 89 2792 ρ
165 2738 192 2777 ιο
205 2709 263 2799 δίᾳ
287 2704 449 2802 ε(Ἰβηρίτη
471 2705 612 2779 πλείυει
634 2707 669 2775 δν
692 2702 872 2802 αίγιαλιῖἴ
918 2702 988 2778 υίπό
1010 2713 1069 2798 τῆς
1089 2714 1220 2798 γενικῆς
1232 2703 1366 2798 Ἴβηρος

204 2947 231 2998 1.
254 2936 403 3018 ἐπαρχίας
422 2961 439 3000 e
458 2942 606 3001 Marciano
627 2942 766 3000 additum.
883 2936 1010 3021 διῄρητο
1030 2943 1203 3013 Marcianus,
1228 2939 1365 3021 διηριΐτο

206 3033 242 3089 C.
338 3035 420 3110 τρεῖς
439 3035 612 3103 Marcianus,
632 3031 704 3110 τρία
725 3036 760 3092 C.
782 3038 933 3112 sequentia
953 3036 1032 3114 apud
1052 3038 1227 3095 Marcianum
1249 3038 1289 3094 ita
1309 3037 1365 3095 ha-

205 3128 320 3183 bentur:
349 3123 391 3193 τίς
410 3121 569 3186 Ἱσπανίαν
587 3122 740 3203 Βαιτικὴν
765 3124 815 3186 καί
836 3126 879 3196 τίς
898 3123 1057 3187 Ἱσπανίαν
1074 3124 1292 3188 Λουσιτανίαν
1312 3127 1366 3187 καί

199 3212 358 3275 Ἱσπανίαν
374 3215 649 3297 Ταρρακωνησίαν.
728 3222 756 3278 5.
769 3217 820 3277 καί
840 3215 989 3298 ι’νδοτίρω
1006 3221 1193 3291 Schnbartnc,
1213 3216 1365 3294 ίνδοτίρω
1391 3277 1398 3293 ,

204 3309 254 3369 καί
268 3312 302 3370 C.
377 3305 519 3370 Ἱσπανία
535 3312 600 3370 cod.
612 3312 689 3379 Pan,
706 3308 828 3371 Σπανία
843 3312 923 3372 editi.
1002 3319 1030 3371 6.
1043 3309 1149 3393 πραίτη
1162 3310 1219 3390 μίν
1231 3310 1366 3390 ἐπαρχία

205 3405 322 3483 supplet
340 3405 376 3474 B,
402 3404 480 3481 quod
501 3423 557 3461 non
584 3404 699 3463 sufficit.
791 3411 818 3464 9.
841 3405 953 3464 dehac
974 3407 1065 3466 altera
1084 3407 1178 3465 Iberia
1198 3406 1366 3486 Stephanus

203 3498 334 3576 pluribus
350 3507 449 3574 egerat
463 3515 480 3554 a
494 3497 694 3564 Constantino,
715 3500 850 3572 quoniam
872 3519 925 3556 τσο
945 3499 1065 3556 consilio
1085 3518 1142 3556 non
1160 3499 1366 3567 conducerent,

204 3590 327 3647 omissis.
412 3595 459 3646 10.
480 3583 605 3648 ίθνικόν
624 3590 663 3658 Μ,
683 3583 776 3658 ἔθνος
798 3590 832 3648 C.
922 3597 968 3648 11.
989 3583 1168 3665 Διονύσιος]
1189 3592 1257 3650 Per.
1277 3597 1345 3652 282.

204 3687 250 3738 16.
272 3680 328 3754 τῆς
348 3677 412 3736 cod.
433 3681 511 3748 Par„
532 3680 588 3736 τοῦ
608 3681 688 3739 editi.
768 3687 816 3742 18.
837 3675 1004 3751 Διονύσιος
1023 3683 1103 3755 (Per.
1125 3685 1177 3757 69)
1199 3685 1269 3742 add.
1290 3685 1327 3744 Β.

202 3771 326 3848 πρῶτον
350 3767 407 3844 μὲν
431 3765 509 3850 πρός
534 3791 616 3841 τινος
642 3775 681 3842 C,
713 3785 869 3832 correctum
899 3795 915 3834 e
942 3776 1091 3851 Dionysio.
1221 3784 1268 3837 19.
1289 3775 1366 3856 λίγε·

202 3881 254 3919 ται
280 3858 314 3918 δὲ
340 3860 390 3918 καί
411 3895 449 3906 -
469 3869 516 3921 20.
539 3861 669 3944 αἰγιαλῷ
695 3867 781 3942 vulgo
806 3867 941 3943 leguntur
967 3878 1034 3945 post
1053 3865 1272 3938 Λουσιτανίας
1296 3873 1316 3930 Ι.
1338 3877 1366 3931 9.

203 3956 230 4009 in
252 3973 316 4010 eum
339 3973 395 4029 qno
417 3975 491 4012 nunc
511 3955 645 4029 leguntur
664 3960 757 4015 locum
779 3961 998 4038 transponenda
1017 3963 1109 4019 scisse
1125 3981 1171 4019 res
1185 3963 1249 4038 ipsa
1264 3962 1366 4022 docet:

204 4048 298 4120 agitur
318 4045 355 4102 dc
376 4047 525 4120 κτητικιῦν
545 4049 656 4110 formis.
736 4057 782 4111 19.
792 4058 839 4112 20.
860 4051 1027 4137 Λευκαδίᾳ
1047 4055 1086 4123 Μ,
1111 4051 1309 4123 Λεσκαδίαις
1330 4055 1365 4114 C.

202 4141 248 4196 20.
260 4130 382 4194 πλαίσει
398 4135 429 4194 ἓν
441 4137 481 4204 Μ,
502 4133 618 4219 πλεύσῃ
632 4141 664 4202 ἓν
674 4143 834 4213 Bekkcrus,
854 4141 1010 4203 πλεύσειεν
1023 4147 1058 4205 C.
1074 4148 1112 4205 dc
1128 4147 1226 4203 futuro
1240 4140 1364 4206 πλεδσω

202 4250 226 4286 v.
243 4231 336 4288 Annll.
352 4230 432 4286 Alcx.
446 4249 475 4305 p.
487 4231 553 4283 267.
612 4225 736 4310 Ἴβηρος
755 4246 849 4292 rectus
871 4256 955 4294 casus
972 4251 1025 4296 est.
1047 4242 1085 4298 ita
1101 4259 1158 4298 non
1173 4257 1295 4299 necesse
1312 4251 1366 4309 est,

201 4333 231 4378 ut
253 4343 316 4378 cum
338 4323 440 4379 Bastio
460 4321 516 4395 Ep·
539 4337 579 4376 cr.
602 4344 631 4400 p.
654 4331 704 4382 121
731 4329 871 4384 scribatur
884 4319 1008 4405 Ἴβηρος
1030 4325 1180 4407 [Ἴβηρος]
1201 4325 1319 4390 εὐθεῖα.
1341 4337 1364 4391 si

200 4415 268 4491 quid
282 4425 376 4471 tamen
389 4409 566 4479 mutandum,
580 4418 675 4474 malim
687 4411 747 4474 ἀπὸ
760 4419 815 4494 τῆς
825 4411 976 4498 [Ἴβηρος]
990 4417 1236 4502 γενικῐγςἼβηρος
1246 4418 1363 4484 εὐθεῖα.
