2902 5070
744 249 818 325 222

203 433 368 527 θηλυκόν,
400 437 457 504 καὶ
483 429 633 520 Δαυναιή
662 433 746 499 τατά
774 429 944 519 συγτοπὴν
972 427 1044 498 ἀπὸ
1070 434 1131 498 τοῦ
1157 436 1358 514 Δαυνιάτατ,

203 557 260 626 καί
281 550 516 634 Δαυνιατιιιός.
561 549 633 620 ἔστι
655 551 711 618 καί
732 547 913 619 Δαύνιοι
934 552 1065 632 τεῖχος
1093 545 1193 628 πόλις
1217 544 1360 640 Θρᾴκης.

203 672 222 745 ὁ
245 672 386 762 πολίτης
408 668 691 757 Δαυνιοτειχίιης.

288 799 322 861 Δ
328 789 506 880 αάσαρα,
529 786 631 870 πόλις
652 789 730 878 περὶ
742 783 919 856 Ἔδεσσαν.
952 785 971 856 ὃ
988 785 1128 876 πολίτης
1142 784 1362 877 Δαυοαρηνός

177 907 253 994 τάς
272 905 454 1001 Διἰαρηνός
473 902 664 998 Ἀδαρηνός.

289 1025 450 1120 Δάφνη,
484 1023 688 1117 προάστειον
715 1021 963 1112 ἐπισημότατον
994 1030 1054 1115 τῆς
1082 1025 1127 1094 ἕω
1157 1023 1362 1108 Ἀντιοχείας

201 1145 451 1242 μητροπόλεως.
493 1145 533 1214 τδ
562 1143 700 1214 ἐθνιτόν
721 1141 909 1234 Δαφνίτης,
938 1146 995 1212 καλ
1015 1141 1226 1236 Δαφνιτιιιός
1251 1169 1362 1232 κτητι-

202 1265 272 1338 κόν.
315 1265 387 1338 ἀστι
414 1266 472 1335 παλ
501 1259 586 1353 άλλη
607 1258 746 1354 Δάφνη,
773 1260 907 1343 Λυκίοις
926 1262 1059 1353 χωρίον.
1103 1261 1175 1333 ἔστι
1197 1263 1255 1331 καὶ
1276 1257 1361 1352 άλλη

204 1383 349 1474 πλησίον
375 1381 579 1474 Πηλουσίου.
625 1381 678 1452 ὅτι
706 1381 800 1471 παρὰ
828 1385 895 1450 τῶν
924 1382 992 1451 ἐκεῖ
1018 1384 1156 1452 πολλῶν
1185 1381 1362 1473 φυομένων

166 1508 353 1596 ιυδαφνῶν.
398 1501 431 1572 οἱ
463 1501 628 1583 οἰκοῦντες
660 1507 845 1591 Δαφναῖοι.
890 1499 962 1570 ἔστι
994 1503 1052 1570 καὶ
1083 1502 1184 1592 λιμήν
1216 1498 1361 1592 Δάφνη
1443 1559 1444 1564 ,

203 1623 428 1711 μαινομένη
451 1623 486 1692 ἐν
505 1627 553 1710 τῷ
575 1618 719 1705 στόματι
739 1623 800 1687 τοῦ
815 1617 952 1689 Πόντου
973 1621 1008 1690 ἐν
1028 1623 1126 1712 δεξιᾷ
1144 1618 1361 1692 ἀναπλέοντι.

203 1742 277 1815 ἔστι
303 1743 360 1812 καὶ
387 1738 592 1832 προάστειον
613 1737 735 1830 Δάφνη
763 1735 798 1808 ἐν
824 1744 871 1828 τῷ
899 1737 1042 1824 στόματι
1067 1744 1128 1810 τοῦ
1148 1736 1299 1821 Πόντου,
1327 1739 1362 1808 ἐν

204 1859 363 1955 ἀριστερᾷ
385 1858 445 1929 ἐπὶ
464 1860 523 1929 τὸν
539 1857 729 1929 Ἀνάπλουν
751 1855 915 1928 ἀνιοῦσιν.
950 1852 987 1948 [δ
1009 1859 1142 1948 λέγεται
1161 1859 1359 1949 Σίργιον.]

177 2045 181 2052 .
291 1984 325 2048 Δ
331 1981 503 2070 αφνσῦς,
538 1978 672 2066 Φωκικὴ
694 1973 810 2059 πόλις,
838 1973 1019 2067 ἀρσενικῶς
1040 1979 1209 2067 λεγομένη.
1254 1972 1361 2047 όπο-

166 2120 192 2161 ιε
205 2096 297 2188 λίτης
323 2093 557 2189 Δαφνοόντιος
584 2092 862 2188 ἢΔαφνούσιος,
888 2097 946 2165 καὶ
971 2100 1127 2186 θηλυκῶς
1153 2095 1361 2188 Δαφνουσίς.

205 2317 407 2332 ——-—-

198 2465 336 2551 Ἰάπυγες
351 2463 485 2528 Ἶππικοί
503 2462 681 2544 (Ἶρπῖνοιλ).
784 2473 813 2526 1.
834 2463 989 2526 Δαυνῖται
1009 2487 1062 2547 pro
1082 2462 1224 2545 Δαυνική
1244 2470 1359 2528 Salma-

90 2623 92 2626 .
203 2567 391 2626 sius.1nuiim
413 2582 478 2620 vero
499 2558 549 2620 καί
570 2552 721 2635 Δαυνική.
749 2557 813 2632 [καί
832 2557 1001 2635 Δαυνΐται]
1022 2557 1101 2620 κατὰ
1122 2558 1279 2640 συγκοπὴν
1299 2557 1359 2622 ἀπὸ

202 2659 259 2718 τοῦ
289 2654 476 2716 Δαυνιάται.
511 2653 549 2710 cs.
581 2652 709 2710 Lobeck.
734 2653 847 2711 Pathol.
874 2675 904 2732 p.
925 2654 992 2713 483.
1118 2660 1146 2712 2.
1171 2645 1259 2722 πόλις
1291 2657 1358 2713 add.

203 2749 308 2811 ffltv,
405 2750 435 2806 4.
449 2739 608 2805 Ἔδεσσαν
627 2746 690 2818 RV,
704 2737 838 2803 Ἔδεσαν
857 2753 890 2803 Α.
985 2752 1012 2806 5.
1034 2739 1204 2824 Αάαρηνός
1225 2748 1261 2815 V,
1274 2743 1358 2806 Ἀνα-

203 2836 295 2922 ρηνός
316 2844 376 2901 AR.
449 2833 620 2914 Ἀδαρηνός
639 2859 695 2899 σαι.
717 2837 760 2897 Π.
844 2844 872 2897 6.
886 2821 1016 2920 Δάφνη]
1036 2840 1138 2898 Priora
1158 2841 1260 2900 melius
1281 2845 1358 2922 apud

202 2935 335 2992 Eustath.
363 2933 400 2990 ud
426 2933 512 2989 Dion.
537 2933 602 2989 Per.
624 2937 693 2991 916:
723 2925 740 2990 ὁ
765 2928 799 2989 δέ
824 2928 864 2988 τὰ
889 2930 998 2992 istum&
1023 2928 1152 3011 γράψας
1176 2926 1360 3010 προάστειον

203 3019 431 3103 ἐπισημότατον
459 3024 515 3099 τῆς
545 3017 625 3103 ἑῴας
650 3018 836 3098 Ἀντιοχείας
866 3021 924 3101 τὴν
949 3019 1085 3104 Δάφνην
1113 3019 1230 3103 ταύτην
1258 3023 1358 3087 εἶπάν.

207 3137 261 3180 neo
286 3119 404 3176 dubium
429 3127 474 3176 est
493 3117 563 3192 quin
588 3116 644 3191 τῆς
668 3111 708 3173 έιυ
731 3118 928 3194 epitornatoris
953 3121 990 3177 sit
1009 3120 1073 3195 qui,
1099 3131 1130 3176 ut
1154 3120 1248 3178 solent
1273 3124 1360 3182 medii

206 3214 269 3270 ueri
294 3213 465 3291 scriptores,
490 3205 548 3286 τὴν
572 3203 611 3266 {iu
637 3209 673 3266 de
695 3208 816 3268 Oriente
837 3210 908 3267 disit
932 3231 996 3269 curn
1021 3212 1084 3270 aliis
1111 3212 1182 3270 locis
1208 3225 1267 3272 tum
1288 3235 1312 3274 s.
1334 3235 1358 3274 v.

207 3298 386 3374 Θεοόπολις.
465 3307 493 3362 7.
505 3294 694 3378 μητρόπολις
706 3301 744 3361 R.
821 3299 978 3381 Δαφνῖτις
997 3307 1032 3363 R.
1110 3300 1304 3384 Δαφνιτικόν
1323 3309 1359 3377 V,

206 3390 408 3479 Δαφνητικός
423 3399 457 3465 R,
476 3390 679 3473 despumantis
700 3398 731 3454 Α.
811 3404 858 3456 11.
877 3394 1045 3474 μαινομένη
1064 3399 1166 3457 Petrus
1188 3401 1302 3475 Gyllius
1323 3401 1359 3460 de

203 3493 294 3570 Bosp.
316 3491 424 3548 Thrac.
444 3495 463 3546 2
484 3509 513 3567 p.
534 3490 607 3556 135,
634 3486 802 3566 φαινομένη
823 3489 895 3547 libri.
1012 3488 1044 3549 έν
1062 3491 1107 3571 τῷ
1127 3492 1169 3561 R,
1193 3489 1242 3550 έπλ
1262 3495 1306 3575 τῷ
1326 3497 1358 3563 Α,

203 3581 251 3642 tut
271 3583 334 3640 sine
353 3582 397 3661 τῷ
423 3582 460 3641 V.
579 3586 685 3640 11.12.
706 3580 739 3642 ἓν
758 3581 846 3665 δεξιᾷ
865 3616 903 3624 -
922 3585 978 3641 τοῦ
999 3578 1124 3642 Πόντου
1150 3605 1207 3642 om.
1227 3587 1292 3645 RV.
1318 3586 1357 3644 cf.

201 3675 333 3734 Eustath.
355 3675 393 3732 nd
406 3676 492 3733 Dion.
506 3676 573 3732 Per.
589 3679 659 3734 916:
680 3671 755 3753 λέγει
777 3670 809 3750 (ό
829 3672 869 3734 τά
889 3673 998 3736 ruant
1017 3671 1160 3753 γράψας)
1182 3675 1233 3735 καὶ
1252 3677 1358 3753 λιμένα

201 3762 337 3846 Δάφνην
367 3765 398 3826 έν
426 3768 471 3849 τῷ
502 3760 633 3842 στόματι
664 3769 720 3825 τοῦ
746 3762 872 3826 Πόντου
902 3767 935 3826 έν
965 3767 1051 3851 δεξιᾷ
1080 3763 1276 3829 ἀναπλέοντι·
1307 3769 1357 3829 καί

201 3853 387 3935 προάστειον
406 3858 440 3918 δέ
460 3853 572 3918 αὐτόθι
593 3879 653 3918 που
673 3857 706 3918 ἓν
725 3854 874 3942 ἀριστερᾷ
893 3857 941 3919 ἐπὶ
957 3857 1010 3920 τόν
1023 3855 1195 3920 Ἀνάπλουν
1209 3855 1356 3921 ἀνιοῦσιν.

202 3957 250 4010 13.
264 3943 450 4026 Ἀνάπλουν]
471 3955 630 4030 Procopius
652 3952 688 4010 de
709 3953 797 4010 aedis.
818 3959 845 4022 1,
865 3958 898 4012 8:
918 3953 951 4013 έν
965 3948 1060 4034 χιόρῳ
1080 3951 1257 4034 καλουμένῳ
1271 3950 1357 4014 >lut

202 4044 268 4123 πλῳ
289 4041 321 4101 έν
341 4039 490 4128 ἀριστερᾷ
511 4041 677 4102 εἰσπλέοντι
698 4042 739 4113 είς
758 4041 813 4103 τόν
832 4038 976 4114 Εὔξεινον
994 4042 1115 4106 πόντον.
1136 4049 1175 4105 cs.
1195 4069 1225 4126 p.
1237 4053 1303 4118 215,
1320 4052 1356 4108 14

202 4147 231 4194 et
251 4137 279 4192 in
299 4133 496 4205 Καλλίπολις.
575 4129 591 4196 ὃ
612 4133 729 4214 λέγεται
742 4133 881 4213 Σέργιον]
903 4141 1191 4219 Haecepitomatoris
1204 4152 1280 4211 sunt,
1300 4162 1357 4200 non

202 4227 353 4306 Stephani.
373 4229 466 4305 Sergii
483 4247 587 4287 nomen
603 4230 740 4305 frequens
756 4231 1058 4306 inByzantiihistoria
1070 4236 1133 4292 aevi
1153 4235 1250 4292 medii.
1271 4243 1355 4292 notus

200 4331 245 4377 est
269 4340 341 4397 prae
366 4323 469 4378 ceteris
496 4321 615 4396 Sergius
641 4322 804 4399 patriarcha
830 4324 946 4380 saeculo
971 4329 1093 4404 septimo
1120 4327 1229 4394 clarus,
1255 4346 1272 4383 a
1299 4345 1355 4401 quo

200 4411 332 4488 Sergium
354 4413 518 4469 suburbium
537 4411 661 4470 sortasse
682 4412 894 4473 denominatum
921 4426 974 4474 est.
