2866 5092
783 259 834 334 28

310 433 519 527 Ἀδρανόν,
550 429 653 518 πόλις
673 437 828 520 Σικελίας
849 439 883 506 ἐν
903 443 945 528 τῇ
965 437 1094 532 Λίτνη,
1117 444 1274 527 ποταμόν
1296 441 1388 530 ὁμώ-

231 584 332 642 νυμον
361 554 491 640 ἔχουσα.
536 557 667 645 λέγεται
698 557 755 624 καί
785 552 966 646 ἀρσενικῶς
992 553 1178 647 Ἀδράνιος.
1215 557 1387 632 Ἀπολλό-

231 679 340 766 δωρος
361 676 399 744 δὲ
418 671 627 764 Ἀδρανίτας
649 675 732 764 φησί
752 675 791 743 τό
814 670 961 744 ἐθνικόν.

310 789 570 881 Ἀδράστεια,
606 791 732 876 μεταξδ
760 789 924 882 Πριάπου
956 794 1013 861 καὶ
1043 798 1103 861 τοῦ
1132 792 1281 882 Παρίου,
1313 794 1386 868 άπδ

204 906 409 1000 »Ἀδράστου
435 911 619 996 βασιλέως,
648 904 686 991 ὃς
712 911 769 977 καὶ
795 915 927 998 πρῶτος
954 907 1112 1000 ίδρόσατο
1142 911 1182 980 τό
1204 913 1387 998 Νεμέσεως

230 1026 330 1119 λαρόν.
372 1026 522 1124 ἐκαλεῖτο
550 1030 588 1098 δὲ
615 1029 672 1097 καί
698 1025 718 1117 ἦ
746 1025 838 1116 χώρα
860 1025 1062 1118 Ἀδράστεια
1089 1030 1146 1098 καί
1167 1027 1386 1120 Ἀδραστείας

228 1147 359 1233 πεδίον,
381 1148 439 1216 καί
458 1143 479 1237 ἡ
501 1143 604 1226 πόλις
624 1145 739 1227 οίίτως.
772 1148 935 1236 Διογένης
956 1148 991 1216 ἐν
1013 1146 1129 1239 πρώτη
1152 1151 1255 1240 [περὶ]
1279 1152 1384 1236 Κυζί-

229 1295 289 1337 κου
310 1267 411 1357 φησίν
433 1261 504 1334 ἀπό
528 1261 747 1353 Ἀδραστείας
768 1268 956 1355 κεκλῆσθαι
975 1271 1058 1352 μιᾶς
1078 1272 1144 1335 τῶν
1161 1265 1384 1356 Ὀρεστιάδοιν

230 1391 377 1476 νυμφῶν.
416 1383 455 1452 τό
472 1379 609 1452 ἐθνικόν
629 1379 842 1472 Ἀδραστεός.
886 1381 920 1452 οἶ
941 1384 980 1454 δὲ
1001 1383 1177 1474 ἐπιχώριοι
1199 1384 1383 1479 Ἀδραστη-

192 1501 286 1584 ιονός
308 1499 355 1583 ώς
378 1497 561 1590 Κυζικηνός
583 1498 698 1591 φασίν.
737 1498 809 1570 ἔστι
830 1501 887 1570 καί
912 1499 1073 1593 Τρωάδος
1096 1501 1297 1594 Ἀδράστεια
1323 1507 1382 1577 τό-

229 1648 310 1703 πος,
345 1617 415 1690 άπδ
442 1616 660 1707 Ἀδραστείας
691 1620 861 1707 θυγατρός
886 1619 1081 1706 Μελίσσου,
1113 1629 1173 1692 τοῦ
1197 1620 1286 1716 Ἴδης
1324 1633 1383 1717 τῆς

232 1745 367 1830 πρῶτον
394 1733 640 1827 βασιλευσάσης
669 1739 704 1807 ἐν
729 1734 850 1828 Τροίᾳ,
880 1732 926 1818 ῶς
947 1735 1070 1830 Χάραξ
1084 1736 1284 1832 Ἑλληνικῶν
1306 1749 1381 1814 δευ-

226 1859 318 1949 τέρᾳ.
340 1859 379 1926 τό
402 1853 485 1928 αι’πδ
509 1857 547 1927 δέ
567 1857 639 1926 ἐστι
660 1855 781 1946 χωρίον
802 1856 859 1925 καί
879 1855 1027 1928 ἐθνικόν.

305 1971 345 2044 Ἀ
351 1973 460 2064 δρία,
498 1972 614 2054 πόλις,
649 1977 706 2042 καί
738 1971 816 2063 παρ’
854 1971 958 2065 σίντην
991 1974 1118 2058 κόλπος
1148 1973 1286 2068 Ἀδρίας
1324 1985 1381 2052 καὶ

189 2127 214 2167 ιε
227 2093 381 2179 ποταμός
415 2089 556 2178 ὁμοίως,
592 2087 639 2172 ῶς
665 2087 849 2174 Ἑκαταῖος.
893 2091 914 2183 ἡ
943 2091 1036 2187 χώρα
1067 2103 1139 2176 τοῖς
1170 2092 1382 2185 βοσκήμασίν

225 2214 315 2284 ἔστιν
341 2207 472 2300 άγαθή,
503 2206 549 2290 ῶς
575 2210 628 2290 δίς
653 2207 775 2308 τίκτειν
799 2213 858 2282 τόν
886 2213 1038 2284 ἐνιαυτόν
1060 2217 1117 2282 καί
1138 2216 1378 2302 διδυμητοκεῖν,

224 2327 391 2410 πολλάκις
412 2329 469 2398 καὶ
488 2334 575 2418 τρεῖς
595 2330 652 2398 καί
672 2328 837 2419 τέσσαρας
857 2330 995 2422 ἐρίφους
1013 2329 1145 2413 τίκτειν,
1167 2328 1241 2401 ἔνια
1264 2333 1304 2402 δὲ
1324 2335 1381 2402 καί

225 2562 253 2614 2.
276 2548 443 2633 ἀρσενικῶς
464 2546 494 2627 [ό
514 2545 672 2632 Ἀδρανός.
703 2549 719 2612 ὁ
740 2551 879 2630 πολίτης]
899 2547 1080 2634 Ἀδράνιοςί
1104 2558 1262 2617 masculino
1287 2557 1379 2616 sorroa

225 2649 313 2705 utitur
330 2647 466 2705 Aelianus
487 2647 549 2704 HA.
570 2651 616 2716 11,
635 2653 683 2706 20.
704 2639 799 2724 ῶρσεν
817 2648 854 2705 R.
950 2649 979 2706 4.
1000 2649 1057 2706 τοῦ
1076 2669 1132 2708 om.
1151 2651 1200 2722 W,
1219 2671 1274 2709 nee
1293 2652 1380 2710 habet

224 2761 310 2818 quem
329 2739 495 2817 Stephanus
515 2741 696 2798 transscribit
715 2739 821 2798 Strabo
842 2743 888 2808 13,
908 2759 938 2817 p.
950 2742 1016 2800 588.
1095 2744 1124 2801 5.
1138 2735 1173 2801 τδ
1189 2743 1259 2801 add.
1273 2741 1377 2802 HRV.

222 2838 252 2891 7.
272 2827 366 2890 πέδον
385 2831 463 2900 libri,
491 2851 565 2889 corr.
586 2833 613 2888 H
634 2851 670 2890 ex
690 2831 832 2889 Strabone
853 2831 872 2890 1.
894 2830 914 2888 1.
940 2825 1074 2890 λκαλεῖτο
1101 2827 1131 2890 δ’
1153 2828 1281 2913 ἦχώρα
1301 2827 1377 2912 αὕτη
1417 2867 1421 2878 v

219 2917 401 2997 Ἀδράστεια
426 2919 477 2980 καί
495 2917 699 3000 Ἀδραστείας
723 2919 842 2989 πεδίον,
870 2918 950 2980 κατὰ
975 2917 1050 2992 έδος
1074 2944 1102 2982 τι
1129 2917 1210 2984 οὕτω
1230 2921 1378 3005 λεγόντων

221 3011 258 3075 τδ
279 3007 356 3074 αδτὸ
372 3010 489 3091 χωρίον
508 3010 627 3081 διττῶς,
649 3008 690 3082 ὡς
709 3010 761 3071 καί
781 3007 893 3089 Θήβην
907 3010 958 3072 καί
974 3009 1084 3092 Θήβης
1096 3015 1209 3075 πεδίον.
1231 3019 1269 3076 ef.
1287 3020 1377 3077 ιαΙιοΙ.

222 3109 323 3187 Eurip.
343 3107 432 3164 Rhes.
454 3110 520 3164 332.
547 3098 611 3164 έστι
636 3100 670 3162 δέ
695 3101 746 3162 καί
772 3101 804 3162 έν
829 3105 868 3183 τῇ
891 3104 1000 3190 Καρίην
1026 3101 1155 3192 (Ἀσίηλ)
1175 3104 1379 3188 Ἀδραστείας

221 3196 335 3258 πεδίον.
451 3205 479 3259 7.
500 3190 598 3266 πόλις.
624 3185 723 3264 οὕτως
742 3191 890 3273 Διογένης
909 3199 977 3268 AV,
1004 3195 1092 3270 πόλις
1112 3192 1202 3260 οότιυ.
1228 3201 1378 3282 Διογένης

221 3283 320 3361 οὕτως
338 3294 375 3351 R.
472 3283 585 3371 πρώτην
604 3291 641 3347 R.
732 3285 799 3364 περί
820 3288 889 3347 εδδ.
911 3292 948 3348 Η.
1040 3297 1069 3352 8.
1087 3287 1295 3370 Ὀρεστιάδιυν
1313 3298 1378 3365 RV,

217 3375 439 3462 Ὀρεστειόδιυν
458 3384 493 3442 A.
598 3387 643 3440 10.
664 3375 728 3439 έστι
748 3377 800 3438 καί
819 3383 883 3451 RV,
908 3377 972 3443 έστι
993 3381 1026 3442 δὲ
1046 3381 1097 3442 καί
1117 3390 1151 3443 A.
1253 3393 1301 3446 11.
1321 3390 1378 3446 τοῦ

221 3474 300 3550 [καί]
321 3475 357 3532 Β.
383 3475 421 3532 cf.
441 3474 572 3532 Eustath.
600 3473 637 3530 εδ
657 3472 690 3530 ll.
716 3492 747 3551 p.
768 3477 903 3543 355,19.
929 3469 994 3534 έστι
1020 3472 1068 3543 δέ,
1096 3473 1187 3554 φησί,
1211 3475 1262 3535 καί
1283 3471 1378 3547 τόπος

224 3559 376 3643 Τρωάδος
397 3557 582 3644 Ἀδράστεια
613 3558 674 3623 ἀπὸ
696 3557 900 3643 Ἀδραστείας
928 3563 1088 3645 θυγατρὸς
1112 3565 1277 3630 Μελίσσου
1305 3568 1377 3629 otoo

214 3651 300 3735 Ἴδης
314 3657 370 3733 τῆς
385 3657 508 3734 πρῶτον
520 3650 752 3733 βασιλευσάσης
767 3655 798 3716 έν
816 3655 924 3742 Τροίη.
946 3661 1054 3718 editum
1071 3671 1148 3720 recte
1164 3671 1260 3720 tuetur
1275 3665 1376 3722 Hoeok

222 3754 302 3811 Cret.
323 3757 338 3808 1
360 3771 390 3828 p.
412 3750 478 3809 194.
504 3750 583 3828 opud
608 3751 700 3808 schol.
719 3752 820 3829 Eurip.
841 3751 896 3809 Rh.
917 3756 975 3811 332
1000 3752 1141 3810 Adrasteo
1166 3762 1211 3812 est
1230 3753 1291 3812 filio
1310 3755 1376 3814 Μι-

220 3837 349 3910 λισσέως
369 3842 425 3898 τοῦ
444 3836 577 3918 Κρητός.
599 3842 638 3900 es.
658 3842 795 3919 Apollod.
817 3843 837 3911 Ι,
859 3849 885 3912 1,
905 3849 934 3903 7.
1039 3849 1085 3903 13.
1105 3840 1140 3903 τὸ
1162 3837 1238 3905 αὐτὸ
1259 3843 1296 3906 δέ
1312 3849 1377 3917 RV,

220 3933 256 3996 τδ
277 3929 308 3996 δ’
330 3925 406 3992 αι’πό
427 3935 460 3992 A.
566 3939 613 3993 16.
634 3929 677 4002 ῶς
696 3931 744 4001 δίς
762 3931 886 4010 τίκτειν]
909 3937 989 3994 Haeo
1010 3939 1104 3994 omnia
1124 3939 1161 3995 de
1179 3938 1377 3998 foecunditate

220 4030 333 4087 illerum
359 4028 506 4103 regionum
531 4047 569 4085 ex
587 4028 703 4085 An'stot.
725 4045 804 4083 ausc.
825 4027 888 4086 mir.
912 4029 967 4086 140
991 4029 1120 4088 derivata
1145 4039 1224 4098 sunt,
1252 4032 1301 4106 qui
1324 4052 1376 4090 sua

220 4139 318 4178 rursus
339 4119 532 4198 Theopompo
559 4120 659 4187 dehet,
685 4127 714 4174 ut
738 4119 880 4176 coniiceoe
906 4120 972 4178 licet
997 4141 1013 4179 e
1034 4121 1150 4196 Scymni
1169 4123 1235 4180 Per.
1256 4127 1314 4183 379
1335 4121 1376 4182 δι·

221 4211 403 4287 δυμητοκεΐν
422 4206 480 4289 γάρ
502 4232 580 4292 φασι
598 4209 647 4269 καί
662 4207 702 4268 τδ
717 4205 896 4286 θρέμματα.
976 4210 1191 4288 διδυμητοκεῖν
1210 4211 1313 4284 Htw,
1335 4213 1375 4273 δι-

221 4303 401 4379 δομοτυκεῖν
424 4311 457 4363 Α.
589 4309 634 4363 17.
661 4297 725 4362 λ’νια
746 4304 789 4371 Μ,
816 4299 898 4370 ένίας
916 4306 957 4374 R,
982 4302 1064 4373 ένιιῖς
1084 4307 1125 4376 V,
1148 4302 1243 4364 ένιότε
1264 4311 1298 4364 A.

222 4393 255 4454 δι’
281 4417 336 4455 om.
356 4397 420 4456 RV.
