2866 5092
767 245 841 350 οιΙ

251 481 260 500 .
295 423 532 518 Ἀκριόρεια,
554 420 654 518 ὐκρον
671 419 777 515 όρους,
800 424 835 494 ἐν
857 414 885 512 ᾧ
907 420 939 492 oi
961 421 1128 504 οἰκοῦντες
1143 419 1371 516 Ἀκρωρεῒται.

219 544 305 614 οὐτω
334 547 372 616 δὲ
393 546 486 638 παρὰ
508 543 706 626 Σικυωνίοις
733 545 869 628 ἐτιμᾶτο
897 540 932 628 [ό
956 540 1149 632 Διόνυσος].
1196 545 1378 638 κἐκαλεῖτο·

217 666 255 734 δὲ
276 665 370 757 παρὰ
390 667 451 750 μὲν
471 661 667 746 Σικυωνίοις
682 660 908 754 Ἀκρωρείτης,
930 663 1027 754 παρὰ
1046 663 1083 734 δὲ
1098 662 1374 745 Μεταποντίνοις

215 777 387 874 Ἕρίφιος”
406 780 667 874 Ἀπολλόδωρός
688 807 801 875 φησιν.

191 925 204 963 ⁵
297 898 554 992 Ἀκροίρειοι,
577 899 678 984 πόλις
704 899 900 992 Τριφυλίας.
936 901 975 972 τό
999 902 1135 972 ἑθνικόν
1157 898 1370 992 όμόφωνον.’

297 1016 423 1109 Ἀκτή.
466 1018 572 1102 οὕτως
600 1017 620 1110 ἡ
646 1017 779 1109 Ἀττική
811 1019 960 1089 ἐκαλεῖτο
990 1017 1061 1090 ὐπὸ
1087 1016 1244 1090 Ἀκταίου
1271 1016 1373 1102 τινός.

218 1136 301 1230 ὐνῆρ
323 1141 366 1215 ,δὲ
393 1132 433 1228 ἦν
461 1136 652 1224 αὐτόχθων,
682 1135 736 1220 ὥς·
758 1145 967 1229 Φαβωρῖνος,
999 1133 1038 1223 ὃς
1064 1137 1280 1227 ἐβασίλευσεν
1308 1141 1379 1208 ἐκεῖ

218 1260 275 1342 καὶ
303 1254 360 1349 ὐφ’
386 1255 506 1326 ἑαυτοῦ
531 1259 638 1340 ὀὕτως
666 1259 726 1349 τήν
750 1254 861 1347 χώραν
888 1253 1042 1343 ὠνόμασε
1070 1261 1127 1328 καὶ
1152 1259 1232 1340 τούς
1259 1256 1374 1340 λαούς.

213 1373 473 1466 Ἀπολλόδωρος
500 1382 538 1450 δὲ
565 1374 724 1448 τάναντία
753 1375 854 1468 φησίν
884 1376 997 1471 αοὕτω
1019 1377 1081 1469 γὰρ
1104 1376 1231 1468 ἐκλήθη
1253 1377 1375 1447 διὰτὸ

181 1497 308 1565 ωπολύ
328 1497 430 1595 μέρος
452 1490 554 1585 αὐτῆς
575 1501 817 1567 καθικνεῖσθαι
840 1495 888 1579 εἷς
909 1495 1105 1567 θάλασσαν·
1128 1494 1290 1588 τριγώνου
1311 1494 1374 1585 γὰρ

124 1657 131 1673 ·
220 1610 319 1705 οὐσης
341 1613 377 1684 αἱ
399 1612 615 1686 συννεύουοαι
637 1615 695 1684 ἐπί
715 1615 754 1686 τό
769 1613 911 1687 Σούνιον
929 1613 1138 1708 ἑκατέρωθεν
1154 1613 1215 1686 δύο
1231 1613 1375 1704 πλευραί

219 1733 386 1826 παράλιοι
407 1731 612 1824 τυγχάνουσι,
636 1732 678 1803 δι’
704 1728 744 1816 tie
765 1739 831 1804 τῶν
848 1736 906 1805 ἐπὶ
924 1736 1102 1825 Κέκροπος
1122 1738 1238 1828 φυλῶν
1257 1730 1375 1802 τεττόέ

219 1882 285 1946 ρων
308 1837 417 1926 οὐσῶν
440 1851 500 1923 ctio
523 1850 795 1943 προσηγόρευσαν
817 1850 974 1923 Ἀκταίαν
996 1850 1291 1946 καί.Παραλίαν”.
1333 1852 1374 1920 τό

221 1972 358 2042 ἕθνιιιόν
386 1968 537 2053 Ἀνταῖος
566 1973 623 2040 καί
650 1970 790 2043 Ἀκταία
824 1976 881 2043 καί
912 1971 1058 2055 Ἀκταιίς
1090 1975 1147 2042 καί
1171 1970 1290 2052 Ἀτθίς
1318 1972 1377 2039 καί

183 2087 381 2180 πἈιιτίτης,
410 2092 447 2172 ἐξ
474 2082 521 2160 οὐ
535 2092 574 2161 τό
595 2089 746 2162 Ἀκτίτου
768 2094 875 2183 πέτρα
898 2093 932 2161 ἐν
951 2097 993 2183 τῇ
1014 2090 1183 2182 τραγῳδίᾳ
1201 2086 1286 2159 ’ἀντὶ
1313 2092 1375 2156 τοῦ

154 2251 156 2254 -
215 2208 383 2293 Ἀττικοῦ,
415 2205 461 2290 ὡς
488 2206 572 2299 αὐλή
601 2207 746 2301 αὐλίτης.
789 2210 861 2282 ἔστι
887 2213 945 2280 καί
974 2207 1127 2306 α’Ἀκτιος
1146 2204 1297 2299 Αίγεύς”
1329 2203 1376 2288 ὡς

220 2327 399 2422 Εὐφορίων
422 2327 589 2420 Διονύσιμ.
622 2326 693 2400 ἔστι
715 2332 772 2400 καί
792 2330 927 2413 Ἀκτιός
947 2331 1004 2400 καί
1024 2330 1063 2398 τό
1082 2323 1227 2410 Ἀκτιον,
1251 2323 1310 2417 ἀφ’
1335 2314 1376 2393 οὐ

220 2451 259 2520 τό
284 2445 478 2538 Ἀντιιύτης,
506 2445 551 2532 ιύς
571 2446 750 2539 Πηλιοίτης
773 2449 1002 2542 Ζεφυριοίτης.
1046 2443 1183 2534 όίμεινον
1211 2447 1249 2516 δὲ
1274 2448 1375 2514 τοῦτο

223 2565 309 2648 εἶναι
338 2566 408 2639 ὐπὸ
436 2573 497 2638 τοῦ
519 2565 634 2638 Ἀκτία
663 2575 722 2638 τοῦ
750 2573 928 2660 δηλοῦντος
954 2567 1014 2659 τήν
1039 2593 1076 2636 τε
1101 2563 1211 2655 χώραν
1237 2564 1295 2632 καί
1315 2561 1375 2652 τῆν

183 2711 209 2751 ²0
222 2695 373 2781 γυναῖκα,
402 2685 450 2771 ὥς
476 2687 652 2780 Πελασγία
672 2688 922 2781 Πελασγιώτης.
966 2686 1037 2758 ἔστι
1063 2687 1121 2756 καί
1141 2678 1292 2764 Ἀττικός
1319 2682 1376 2750 καὶ

216 2806 348 2900 Ἀττική
370 2807 453 2878 κατὰ
474 2808 603 2899 τροπήν
624 2809 683 2878 διὰ
704 2809 764 2898 τήν
786 2805 963 2901 εὐφωνίαν.
994 2804 1070 2876 ’ἔστι
1091 2808 1148 2874 καὶ
1167 2798 1267 2892 Ἀκτή
1291 2807 1376 2870 Mo-

221 2927 365 3018 γνησίας,
389 2923 447 3019 ὐφ’
470 2919 509 3016 ἧς
521 2922 655 3010 Ἀκτιος
671 2929 727 2996 καὶ
738 2925 917 3009 Ἐπόιιτιος
930 2924 1106 2997 Ἀπόλλων
1120 2926 1270 3009 τιμᾶται.
1294 2916 1376 2990 Ιἔστι

222 3047 279 3115 καί
309 3042 403 3136 ἑτέρα
428 3041 662 3136 Ἀκαρνανίας,
698 3037 739 3135 ἧς
767 3048 931 3136 μέμνηται
962 3042 1171 3150 Δημόγητος.
1216 3038 1289 3110 ἔστι
1318 3038 1377 3106 καί

222 3160 502 3254 Πελοποννήσου,
526 3161 571 3244 ὡς
595 3162 814 3254 Θουκυδίδης,
837 3166 894 3235 καί
915 3159 999 3254 ὐίλλη
1021 3161 1056 3233 ἐν
1075 3159 1257 3251 Βοσπόρῳ,
1280 3160 1337 3227 καί
1358 3157 1376 3229 ί

221 3379 250 3433 2.
271 3366 287 3433 ὅ
307 3365 461 3438 Διόνυσος
481 3371 549 3432 add.
571 3372 718 3448 Tanaquil
737 3373 840 3454 Faber.
929 3351 1085 3430 καλιΐταιλ
1170 3371 1199 3426 6.
1220 3357 1319 3435 οὕτως
1339 3365 1376 3438 Χ,

222 3461 258 3524 οὐ
277 3475 346 3523 noto
367 3463 537 3541 compendio
558 3464 631 3522 iibri.
713 3470 757 3522 11.
778 3461 827 3523 ἐπὶ
848 3467 884 3535 Η,
903 3459 962 3524 ὐπὸ
983 3464 1057 3522 libri.
1141 3464 1188 3538 13.
1209 3455 1377 3538 Παραλιάν

221 3559 257 3627 X,
277 3553 408 3649 παλίγαν
427 3555 463 3624 V,
483 3551 597 3613 παλίαν
615 3557 676 3615 AR.
767 3558 813 3616 14.
828 3551 929 3627 Ἀκτίς
949 3579 1002 3637 pro
1019 3549 1124 3623 Ἀτθίς
1145 3555 1345 3611 Casaubonus.

222 3668 269 3726 1⁵.
291 3657 364 3723 ἄκτῖ
383 3685 436 3744 pro
451 3657 591 3724 Ἀκτίτου
611 3666 674 3725 RV.
696 3666 735 3725 ef.
756 3668 850 3726 Anall.
871 3668 952 3726 Alex.
973 3687 1003 3745 p.
1023 3667 1071 3724 48.
1164 3663 1203 3742 τῇ
1222 3683 1279 3722 om.
1299 3663 1337 3721 R.

224 3762 269 3817 17.
289 3753 436 3836 Εὐφορίω
456 3753 632 3817 Διονυσίων
650 3760 685 3817 R.
774 3752 981 3818 seiuncti?
1066 3762 1115 3816 23.
1129 3750 1295 3834 Ἀκαρνίας
1313 3754 1352 3812 V.

222 3842 411 3927 Δημαίγητος
435 3852 494 3919 AR,
521 3844 712 3928 Δαμάγητος
737 3851 819 3928 va.
848 3850 1038 3926 Demagetum
1064 3849 1154 3908 habes
1180 3846 1258 3926 apud
1285 3845 1377 3910 schol,

222 3943 318 4020 Apoll.
339 3942 394 4000 Rh.
415 3947 442 4012 1,
462 3945 528 4002 224.
645 3945 692 3999 24.
716 3938 923 4018 Θουκυδίδης]
944 3943 1221 4020 Peloponnesiaoam
1241 3941 1301 3998 sive
1320 3941 1376 3996 Ar·

223 4035 344 4111 golieam
369 4035 461 4092 Acten
486 4053 627 4111 nusquam
652 4043 792 4092 memorat
812 4034 1013 4110 Thucydides,
1039 4043 1069 4091 at
1092 4043 1232 4092 memorat
1251 4037 1376 4092 Actaeas

224 4127 351 4184 civitates
372 4127 401 4182 in
420 4127 500 4184 lonis
521 4128 561 4200 (4,
581 4126 647 4200 52);
674 4127 771 4201 itaque
798 4129 897 4186 nescio
924 4145 960 4184 an
977 4126 1174 4208 scribendum
1184 4125 1220 4184 sit
1239 4121 1291 4182 καὶ
1312 4119 1328 4181 ἔ
1346 4119 1378 4181 ἓν

219 4209 332 4300 Ἰωνίη,
364 4210 406 4285 ὡς
433 4214 642 4292 Θουκυδίδης,
673 4214 725 4276 καί
755 4210 831 4293 ἄλλη
860 4215 893 4276 ἐν
917 4213 1082 4300 Βοσπόρῳ.
1113 4220 1169 4278 nisi
1194 4215 1377 4290 Thucydidis

222 4329 327 4369 nomen
350 4311 388 4368 od
408 4312 498 4369 Acten
520 4309 716 4367 Chalcidicam
742 4318 867 4388 spectat,
894 4329 979 4386 quam
1004 4329 1180 4370 memorasse
1206 4309 1378 4388 scriptorem

223 4419 260 4460 ex
277 4404 430 4482 postremis
450 4403 544 4461 verbis
564 4403 739 4478 intelligitur.
819 4396 977 4486 Βοσφόρηι
996 4403 1061 4472 RV.
1141 4396 1212 4482 ἕκτῃ
1232 4407 1291 4480 pro
1308 4395 1325 4458 ἐ
1341 4399 1377 4460 Χ.
