2866 5092
56 239 65 276 ⁶
629 249 678 320 39

14 465 17 521 η
78 421 298 512 μηλοβότειρα
328 425 475 512 ἐλέγετο,
507 431 567 513 τῆς
596 428 791 517 Θρηκησίων
817 427 1032 520 χερρονήσου,
1065 433 1121 501 καί
1151 431 1169 522 ἦ
1199 435 1233 502 ἐν

10 524 15 590 i
76 542 208 632 Μυρίνῃ
230 543 267 612 ἕν
288 547 331 632 τῇ
352 542 506 624 Αἰολίδι,
530 546 587 612 καὶ
608 547 745 628 Λυδίας
766 549 822 616 καί
842 548 1016 636 Λοκρίδος
1037 552 1093 617 καί
1114 550 1230 618 Aiun-

73 659 145 740 λίος
165 664 224 730 καί
245 658 410 748 Εὐβοίας,
440 656 481 743 ἃς
494 662 639 753 ’Όμηρος
660 667 695 734 ἐν
716 671 763 754 τῷ
783 663 815 732 ν’.
855 666 894 734 τὸ
916 665 1055 736 insumis
1077 666 1147 738 ἀπὸ
1169 673 1231 755 μὲν

72 778 277 866 δισυλλάβου
298 780 461 871 Αἰγαῖος,
489 778 561 852 ἀπὸ
585 785 622 853 δὲ
643 781 867 871 τρισυλλόβου
890 784 1102 876 εἴρηταικαὶ
1125 789 1229 872 οὕτως

69 897 249 987 Αίγεόπης.
1240 927 1253 967 ⁵

118 1081 119 1084 ,
152 1017 352 1110 Αἴγειρα,
381 1016 484 1100 πόλις
501 1016 652 1102 Ἀχαΐας,
676 1012 717 1108 ἣν
731 1017 875 1109 Ὅμηρος
892 1018 1092 1113 Ὑπερησίην
1114 1023 1225 1113 (μησίν.

71 1134 153 1204 ἔνιοι
176 1133 249 1205 ἀπό
265 1135 462 1225 Αἰγιαλέως
482 1139 542 1226 τὴν
561 1136 673 1227 χώραν
686 1136 858 1227 Αἰγιαλόν
881 1164 967 1229 φασι
986 1139 1027 1209 τό
1049 1168 1086 1209 τε
1099 1141 1228 1230 Αἴγιον

71 1255 125 1320 καί
145 1250 196 1322 ἴτε
210 1251 391 1342 Αἴγειραν.
425 1254 464 1324 τό
488 1257 625 1328 cavania
638 1253 853 1347 Αίγειρόιης,
876 1258 915 1327 τό
938 1259 1089 1348 νοητικὸν
1104 1258 1226 1347 Αἰγει-

71 1370 215 1458 ρστιιιός,
247 1367 294 1452 ὥς
314 1369 509 1462 Πτελειίτης
529 1373 765 1456 Πεελεατικός.
808 1376 1007 1458 Παυσανίας
1030 1379 1067 1446 δὲ
1090 1374 1224 1467 ἑβδόμην

72 1491 155 1578 λέγει
190 1491 250 1578 τήν
280 1487 484 1579 Ὑπερησίαν
510 1490 679 1584 Αἴγειραν
704 1493 971 1580 μετωνομάσθαι
999 1497 1057 1565 διὰ
1084 1494 1261 1568 τοιδνδιιο

71 1608 185 1678 αἰτίαν.
230 1607 422 1676 Σικυωνίων
443 1611 582 1699 στρατός
605 1608 796 1702 ἀφίξεσθαι
817 1611 954 1698 ἔμελλεν
975 1610 1103 1695 αὐτοῖς·
1129 1611 1162 1680 oi
1184 1616 1222 1682 δὲ

72 1725 287 1818 ἀθροίζουσιν
308 1719 407 1814 αἶγας
427 1729 483 1795 καί
506 1730 623 1818 [πρὸς]
647 1738 718 1811 τοῖς
738 1733 875 1819 κέρασιν
895 1727 1017 1818 ἴδησαν
1038 1733 1146 1820 δᾷδας
1167 1733 1224 1799 καὶ

70 1844 248 1928 ἐξάπτουσι
277 1847 335 1913 διὰ
362 1848 423 1933 τῆς
449 1845 582 1927 νυκτός·
619 1848 815 1934 νομίσαντες
846 1843 904 1917 οὖν
932 1849 992 1938 την
1021 1846 1132 1938 φλόγα
1162 1855 1223 1918 τοῦ

70 1966 279 2054 ἐπικουρικοῦ
316 1963 424 2053 πυρὸς
462 1962 602 2054 ἴφυγον,
635 1965 845 2059 Ὑπερησιεῖς
881 1969 920 2037 δὲ
956 1965 1126 2056 Αἴγειραν
1162 1969 1221 2055 τήν

71 2085 165 2154 πόλιν
186 2079 378 2168 αἰνόμασαν.
422 2084 462 2152 τὸ
489 2082 625 2154 innixis
653 2082 780 2171 ὁμοίιος
800 2083 1007 2176 Αίγειρότης
1034 2087 1090 2155 καί
1111 2090 1218 2175 θηλυ-
1232 2116 1256 2156 α

70 2355 334 2440 1.Μηλσβότειρα
360 2361 459 2439 vulgo;
486 2380 543 2419 non
568 2361 684 2420 diiiiium
710 2365 778 2440 quin
802 2359 983 2432 ἓπιθετικιῦς
1008 2363 1114 2420 dictum
1140 2364 1177 2420 sit
1200 2381 1218 2419 ει

68 2469 146 2535 poeta
166 2458 275 2532 aliquo.
363 2449 563 2536 Θρηκησίων]
583 2457 646 2513 Hoc
666 2458 806 2531 genuinus
826 2456 992 2535 Stephanus
1012 2460 1138 2515 scribere
1160 2475 1216 2512 nou

68 2552 166 2628 puniit,
193 2549 336 2624 siquidem
362 2547 537 2604 'shcacesios
562 2548 658 2606 medio
685 2548 798 2606 demum
824 2567 896 2606 aevo
922 2550 1014 2606 dictos
1034 2549 1125 2605 fuisse
1145 2566 1215 2603 con·

66 2654 117 2700 ctat
134 2662 193 2700 non
213 2643 242 2698 Τ
244 2641 346 2699 hraces
367 2641 395 2696 in
416 2640 474 2696 suis
494 2639 656 2698 habitantes
677 2640 795 2707 finibus,
821 2640 873 2698 sed
899 2661 949 2698 eos
976 2643 1024 2715 qui
1050 2661 1066 2698 e
1088 2639 1217 2694 Thracia

65 2736 89 2793 in
113 2737 210 2792 Asiam
236 2736 375 2791 minorem
404 2731 527 2790 traducti
553 2742 678 2790 veterem
704 2731 820 2788 Cariam
845 2741 874 2789 et
898 2731 1020 2806 Lydiam
1052 2742 1080 2788 et
1108 2731 1217 2787 ioniam

64 2831 205 2886 tenebant.
226 2845 252 2882 v.
266 2826 418 2883 Constant.
439 2823 476 2882 de
493 2825 597 2882 Them.
614 2830 639 2892 1,
653 2845 683 2901 p.
695 2828 743 2880 22.
765 2831 794 2879 et
812 2823 903 2880 schol.
924 2823 1044 2898 Dionys.
1065 2824 1131 2882 Per.
1149 2827 1215 2882 822.

62 2921 239 2998 peninsulam
271 2931 367 2977 autem
398 2917 467 2975 dicit
497 2917 622 2976 sortasse
652 2915 797 2976 Cnidiam.
826 2916 864 2974 cf.
886 2935 912 2974 ι.
936 2908 1098 2986 Ἄκανθος.

62 3018 87 3070 2.
101 3007 251 3090 Μυρρίνη
272 3022 339 3072 aute
360 3012 396 3068 H.
474 3005 615 3082 Λυδίας]
637 3011 716 3067 Haec
736 3029 793 3066 uon
814 3009 928 3068 diversa
948 3009 1061 3068 videtur
1080 3012 1116 3066 ab
1139 3013 1213 3067 Aeo-

61 3107 127 3176 iica;
152 3105 208 3162 nisi
228 3101 417 3162 ΑΧΑῙΑΣ
439 3103 619 3161 scribendum
646 3122 699 3180 pro
723 3097 912 3159 AYAIAS.
939 3122 993 3179 per
1017 3104 1091 3159 enim
1112 3103 1214 3156 mirum

61 3199 148 3256 videri
169 3197 257 3255 debet
276 3197 464 3254 Achaicamm
483 3197 625 3271 Aegamm
647 3194 753 3252 uuilam
774 3192 836 3251 fieri
855 3195 1037 3251 mentionem.
1123 3197 1151 3247 3.
1174 3183 1215 3256 ὡς

54 3283 189 3366 Ὅμηρος
209 3289 247 3346 Η.
273 3288 384 3346 uidetur
403 3289 499 3367 potius
519 3287 629 3363 aliquid
649 3287 807 3355 excidisse,
833 3305 859 3344 e.
882 3306 906 3345 c.
927 3273 1117 3362 μνημονεύει.

58 3381 88 3442 ἓν
106 3385 151 3464 τῷ
172 3375 202 3457 ί]
223 3383 257 3439 11.
279 3385 324 3449 13,
340 3386 388 3438 21.
466 3383 496 3440 4.
516 3371 738 3458 τρισυλλόβου]
760 3381 859 3456 ltaque
879 3381 909 3434 iu
929 3375 1123 3454 superioribus
1145 3373 1212 3431 ste·
1258 3381 1259 3386 ’

59 3477 170 3553 pisanus
190 3475 278 3532 etiam
297 3473 418 3530 sormam
437 3467 549 3550 Αἴγινα
569 3472 614 3529 vei
633 3469 761 3548 Αίγειαί
777 3478 1057 3530 commemoraverat.
1135 3471 1163 3524 6.
1176 3457 1214 3542 ἣν

53 3561 189 3645 Ὄμηρος
211 3561 398 3640 Ὑπερησίην
422 3561 531 3644 φησίν]
563 3565 643 3623 Haec
673 3567 760 3621 verba
790 3565 865 3620 hunc
895 3565 923 3619 iu
953 3563 1047 3618 locum
1071 3557 1213 3624 transtuli,

60 3683 121 3720 cum
135 3664 165 3718 in
180 3660 260 3718 libris
275 3663 323 3715 11.
344 3667 411 3734 post
425 3650 544 3715 τοιόνδε
559 3651 661 3713 αἰτίαν
680 3656 821 3732 legantur.
893 3645 1043 3729 Ὅμηρος]
1058 3651 1090 3708 il.
1104 3656 1132 3718 2,
1143 3654 1210 3709 573.

58 3753 257 3822 od.15,252.
330 3744 517 3827 Ὑπερησίην
529 3749 565 3818 X,
585 3744 745 3824 Πηρεσίην
758 3748 831 3806 libri.
909 3749 938 3804 7.
952 3741 1104 3820 Αλγίαλον
1118 3743 1212 3819 vulgo.

58 3853 84 3906 8.
103 3843 157 3904 καί
177 3839 222 3903 ἴτι
242 3845 278 3910 R,
299 3837 349 3899 καί
369 3835 453 3900 ἴστιν
471 3841 534 3899 AV.
621 3835 771 3916 Αἴγειραν
790 3841 830 3908 Μ,
849 3832 981 3915 Αἴγειρα
1002 3836 1076 3893 libri.
1096 3835 1211 3892 Salma-

58 3941 114 3996 sius
135 3933 189 3994 ιιαί
208 3931 293 3993 ἴστιν
312 3929 461 4010 Αἰγείρας
480 3929 515 3991 τὸ
536 3926 659 3990 tanniu
677 3923 874 4009 Αίγειριίτης.
896 3929 1062 4008 Stephanus
1082 3927 1136 3983 hoc
1156 3937 1211 4005 po-

58 4033 111 4090 tios
138 4029 237 4088 dicere
264 4026 388 4094 uidetur,
413 4029 449 4083 ab
468 4025 606 4100 Aegialeo
627 4033 656 4080 et
676 4024 823 4098 Aeginium
844 4033 873 4080 et
892 4023 1011 4097 Aegium
1032 4030 1060 4077 et
1079 4020 1211 4096 Aegiram

60 4123 243 4180 denominata
263 4137 339 4176 esse.
427 4125 456 4176 e.
477 4109 600 4197 ἱβδόμηι
620 4117 656 4184 B,
676 4109 753 4192 ἴκτιμ
773 4115 847 4172 libri.
870 4133 893 4171 v.
914 4113 1038 4170 Pansau.
1058 4117 1086 4179 7,
1106 4115 1154 4170 26.

60 4221 102 4274 10.
113 4206 306 4290 Ὑπερησιάν
320 4211 356 4277 V,
371 4202 542 4286 Ὑπερήσια
558 4211 593 4278 R,
609 4201 797 4282 Ὑπηρεσίαν
817 4211 850 4261 A.
928 4209 975 4261 12.
991 4199 1069 4280 πρὸς
1089 4203 1156 4260 add.
1171 4203 1211 4260 Μ.

61 4311 103 4365 11.
117 4301 313 4378 Ὑπερησιεῖς
333 4301 396 4368 RV,
416 4295 445 4356 ni
459 4299 624 4378 Πηρεσιεῖς
637 4304 671 4356 A.
761 4291 910 4373 Αἴγειραν
923 4296 958 4362 Χ,
978 4289 1124 4370 Αἴγειρον
1137 4293 1212 4360 ibri.

62 4403 104 4456 15.
132 4391 167 4455 τὸ
194 4389 322 4453 ίθνικόν
351 4425 388 4434 -
418 4389 596 4467 Αλγειρᾶτις
627 4391 655 4448 iu
688 4388 771 4448 finem
804 4387 938 4446 sectionis
969 4396 1036 4463 post
1064 4379 1215 4460 Αἴγειραν
