2902 5084
616 245 690 330 21¹⁷

74 423 161 507 λίας.
205 425 245 493 τό
273 425 421 494 δθνικδν
439 422 557 509 ὅμοιον
579 421 601 515 ἢ
622 425 806 512 Δαλμιεύς.
854 426 968 521 αλ’δισν
991 430 1029 498 δά
1050 433 1115 496 τῶν
1137 433 1231 497 Δαλ-

71 546 207 630 ματέων
222 545 263 614 τό
280 544 339 613 διδ
357 540 589 634 ὀκταετηρίδος
606 549 666 633 τῆς
678 541 788 636 χώρας
803 543 997 631 ἀναδασμόν
1013 544 1232 630 ποιεῖσθαι”.

67 661 263 743 Ἅππιανδς
291 665 329 732 δὲ
362 663 422 753 τὴν
454 660 556 731 πόλιν
586 665 769 750 Δελμίνιυν
799 669 908 748 καλεῖ,
941 665 1162 756 Κουάδρατος
1193 668 1233 737 δά

162 907 364 986 Δυμαῖοι,
400 897 503 981 ἔθνος
531 901 625 990 παρά
653 909 724 984 τοῖς
749 900 1004 994 Ἰχθυοφάγοις,
1034 901 1080 985 ὡς
1105 900 1258 972 Ἀπολ-ν

74 1017 237 1110 λόδωρος.

163 1133 401 1223 Δαμασκός,
424 1133 525 1219 πόλις
545 1138 683 1228 Συρίας,
703 1138 894 1230 μεσόγειος,
917 1139 1048 1230 ὕπερθε
1067 1139 1233 1230 Φοινίκης,

78 1259 174 1348 παρά
194 1259 254 1326 τόν
275 1255 443 1346 Βαρδίνην
464 1257 629 1344 ποταμόν.
673 1254 859 1350 ὠνομάσθη
881 1261 920 1330 δὲ
943 1259 997 1330 ότι
1018 1252 1067 1339 εἷς
1087 1263 1153 1326 τῶν
1175 1266 1235 1326 Γπ
1348 1331 1352 1344 ,

76 1373 204 1464 γάνιων
234 1372 354 1456 Ἀσιιός
388 1371 495 1461 όνομα
527 1374 597 1460 ἅμα
626 1378 814 1470 Λυκούργῳ
847 1376 953 1470 δη’σας
979 1377 1038 1446 τόν
1066 1374 1235 1447 Διόνυσον

77 1493 217 1588 ἔρριψεν
244 1492 293 1576 είς
320 1495 379 1562 τόν
406 1492 573 1579 ποταμόν,
607 1487 646 1565 όν
674 1493 777 1578 λύσας
799 1495 921 1586 ίΕρμῆς
948 1496 1007 1566 τόν
1027 1491 1148 1564 Ἀυκδν
1173 1499 1235 1565 τού
1247 1522 1273 1562 ιο

77 1615 243 1706 δέρματος
264 1610 466 1702 ἐγύμνωσεν,
496 1613 580 1682 ὅθεν
605 1614 692 1704 πρός
720 1609 812 1683 οἶνον
841 1613 1035 1703 ἐπιτήδειον
1055 1613 1094 1682 τό
1118 1614 1234 1705 δέρμα.

78 1731 113 1803 σί
142 1735 181 1804 δὲ
209 1731 263 1802 ότι
289 1715 474 1817 Δαμασκός
495 1728 617 1821 Ἑρμοῦ
646 1739 728 1815 παῖς
754 1734 811 1800 καί
836 1730 966 1823 νύμφης
990 1728 1173 1821 Ἆλιμήδης
1199 1733 1238 1812 ἐξ

73 1851 253 1944 Ἀρκαδίας
268 1850 316 1932 εἷς
329 1851 453 1942 Συρίαν
466 1844 556 1940 ἦλθε
577 1851 634 1918 καί
656 1848 757 1920 πόλιν
773 1845 948 1935 ὁμώνυμον
964 1847 1101 1920 ἐίιτισεν.
1136 1845 1236 1918 δι’λλοι

79 1975 119 2043 δδ
147 1970 200 2042 ότι
221 1971 407 2056 Δαμασκδς
433 1969 609 2060 δφατίζετο
637 1966 734 2059 άνήρ,
763 1967 934 2040 Διονύσου
962 1971 999 2039 δὲ
1025 1969 1086 2060 τήν
1111 1965 1235 2060 Συρίαν

79 2089 320 2181 ἀμπελόφυτον
342 2079 548 2179 ποιήσαντος
570 2091 706 2158 πελέκει
726 2093 832 2157 ταῦτα
854 2086 984 2170 ἔκοπτε,
1008 2085 1175 2169 Διόνυσος
1197 2090 1273 2160 δάιε

78 2209 253 2300 ὀργισθείς
274 2206 392 2289 ἐδίωξε
413 2209 471 2276 καί
492 2207 655 2294 ἐξέδειρεν
672 2257 749 2275 .....
764 2205 920 2298 ἐπράχθη
936 2205 1140 2296 Δαρμασιιός
1158 2257 1235 2278 .....

79 2330 136 2398 καί
158 2326 245 2398 οὕτω
267 2323 452 2412 Δαμασκός
474 2327 559 2394 κατά
582 2323 826 2417 παραφθοράν.
859 2320 877 2394 ό
895 2324 1036 2416 πολίτης
1052 2333 1236 2417 Δαμασκη-

80 2446 138 2530 νός
157 2449 215 2516 καί
234 2443 255 2538 ἦ
277 2443 370 2534 χάρα
391 2447 449 2515 καί
469 2441 490 2534 ἦ
514 2442 617 2526 πόλις
637 2442 855 2534 Δαμασκηνή.

164 2563 415 2657 Δανδάριοι,
447 2561 549 2644 ἔθνος
577 2564 657 2652 περί
682 2564 741 2632 τόν
769 2560 964 2646 Καύκασον,
994 2560 1039 2644 ιύς
1062 2561 1237 2646 Ἑκαταῖος

79 2682 240 2776 Εὐρώπῃ.
1249 2706 1276 2746 20

171 2806 456 2894 Δανθαλῆται,
480 2799 582 2883 ἔθνος
607 2797 782 2894 Θρᾳκικόν,
809 2796 1016 2887 Θεόπομπος
1035 2797 1095 2892 μή.

170 2919 420 3009 Λανούβιον,
449 2919 553 3003 πόλις
578 2922 658 3012 περὶ
682 2920 743 3010 την
764 2916 908 3009 Ῥιύμην.·
944 2920 984 2989 τό
1006 2919 1142 2990 ἐθνικόν
1164 2926 1238 2990 Δα-

82 3038 217 3128 νούβιος
238 3035 261 3132 ἢ
281 3039 501 3128 Δανουβιεύς.

168 3157 390 3250 Δάνονβις
418 3155 441 3250 ἢ
472 3157 694 3241 Δάνουσις,
721 3153 850 3246 Ἴστρος
881 3153 899 3226 ό
927 3152 1096 3241 ποταμός,
1128 3152 1238 3224 πάλαι

79 3351 284 3367 ffl

81 3487 109 3540 1.
130 3475 222 3553 ἴδιον]
243 3479 341 3538 Verba
360 3478 511 3538 Strabonis
530 3484 550 3539 7
568 3500 599 3558 p.
617 3483 685 3540 315.
762 3483 790 3538 2.
811 3469 973 3555 όκτηρίδος
992 3471 1035 3533 Π.
1113 3473 1142 3532 1.
1161 3467 1238 3534 Aa-

80 3592 170 3648 μινσν
188 3572 226 3641 R,
250 3566 412 3646 Δάλμινον
430 3573 467 3641 V,
491 3565 635 3646 Δάλμιον
654 3577 687 3632 Α.
705 3572 892 3654 “Salmasius
911 3571 941 3626 in
961 3569 1024 3627 Pal.
1045 3560 1111 3626 εδδ.
1131 3569 1240 3627 invenit

81 3658 290 3743 Κουάδριιτος
309 3662 344 3724 δι’
362 3661 440 3740 μετὰ
455 3659 517 3726 ῑτδ
529 3661 675 3740 Δίλμιον,
696 3675 725 3725 et
740 3667 769 3723 in
784 3665 841 3722 alio
852 3654 1034 3737 Διίλμινον”
1049 3662 1085 3720 Β.
1106 3661 1238 3720 Eustath.

83 3760 121 3816 ad
140 3759 229 3816 Dion.
249 3759 315 3817 Per.
336 3762 388 3818 95:
413 3751 433 3833 ἢ
454 3754 487 3816 δὲ
506 3750 594 3827 πόλις
617 3753 721 3818 αὐτῶν
739 3751 883 3832 Δάλμισν
901 3744 920 3830 ἢ
941 3749 1106 3828 Δελμίνιον
1125 3744 1144 3830 ἢ
1163 3749 1240 3813 Δελ-

81 3871 180 3926 μινσν.
263 3857 291 3910 7.
312 3840 430 3928 ὕπερθε
450 3852 512 3920 RV,
532 3842 669 3930 ὕπερθεν
689 3855 722 3910 Α.
806 3855 834 3908 8.
856 3843 942 3923 παρὰ
963 3847 999 3915 V,
1019 3842 1096 3922 πρὸς
1114 3848 1150 3916 R,
1170 3844 1239 3923 περὶ

82 3949 117 4003 Δ.
193 3935 352 4019 Ἰορδάνην
372 3943 408 4000 Β.
488 3950 515 4003 9.
529 3938 652 4018 Ἀσκὸς]
674 3946 710 4003 V.
730 3943 914 4002 Damascium
931 3941 1026 3998 Photii
1039 3940 1116 3998 Bibl.
1131 3962 1160 4019 p.
1172 3941 1239 4000 318.

84 4038 191 4096 141⁵.
213 4032 332 4112 Συρίαν
352 4030 408 4112 τὴν
427 4027 516 4094 πόλιν
535 4029 754 4117 άμπελόφυτσν
779 4037 816 4095 V.
915 4037 962 4093 15.
982 4026 1119 4101 ταύταςλ
1206 4028 1240 4089 δὲ

84 4149 140 4188 om.
154 4131 192 4188 V.
274 4132 319 4186 16.
335 4138 402 4186 ante
423 4139 451 4187 et
472 4140 539 4207 pont
558 4124 702 4208 ἐπράχθη
721 4121 916 4209 Δορμασκός
936 4128 1074 4186 denarum
1094 4126 1240 4183 literarum
1356 4155 1361 4164 ·

83 4223 216 4282 lacunam
238 4221 366 4278 indicant
385 4222 459 4280 libri.
537 4216 712 4301 Δαρμακός
732 4225 768 4282 V.
849 4227 895 4282 18.
910 4218 1046 4289 πολῖτιςλ
1123 4223 1171 4276 20.
1184 4209 1241 4276 Ea}-

84 4307 191 4394 ριύπης
210 4316 247 4374 V.
326 4317 374 4374 21.
388 4310 580 4391 Δαθαλῆται
601 4318 637 4384 R,
656 4312 855 4392 Δαιδαλῆται
876 4317 912 4373 V.
990 4303 1240 4386 22.Διινούβισν]

82 4411 149 4468 Hoc
169 4429 205 4468 ex
224 4403 411 4484 Λανούβιον
435 4417 600 4485 corruptum
621 4429 686 4469 esne
707 4429 844 4470 monuere
866 4407 929 4464 ΗΒ.
