2902 5070
737 249 812 324 272

197 431 262 520 εἰσὶ
282 435 339 504 καὶ
360 427 463 503 ι’ίλλαι
485 430 557 516 δύο,
581 427 678 524 ήμίν
696 430 841 524 Ἰβηρίας
862 427 882 523 ή
901 433 939 502 δὲ
959 426 1099 525 Θρᾴκης,
1122 425 1193 502 dard
1208 424 1355 523 Ἕσρδοῦ

195 583 295 638 τινος.
343 553 360 624 δ
392 551 532 644 οίκήτωρ
560 550 750 641 ἘαρδαῖοςΙ
795 550 948 635 ὀξύνεται
980 555 1018 623 δὲ
1049 552 1088 622 τδ
1115 547 1274 640 Ἐορδός,
1308 547 1356 633 ῶς

193 675 407 770 Ἡρωδιανὸς
420 675 506 766 ἕκτη.
540 669 730 763 ἐκλήθησαν
752 675 808 742 καὶ
826 669 1024 765 Ἐορδιοιαί
1039 669 1109 742 διεδ
1126 676 1187 741 τοῦ
1202 668 1354 763 ίορδίζω,

197 794 242 881 ὡς
264 793 383 878 Λυδός
405 793 538 878 λυδίζω.

170 932 182 972 ⁵
280 913 501 1004 Ἐπαίκρια,
527 912 590 999 μία
618 917 683 980 τῶν
704 913 764 981 ἐπὶ
784 913 962 1002 Κέκροπος
984 918 1266 982 συνοικισθεισῶν
1288 909 1355 982 δαί-

198 1041 279 1108 δεκα
301 1034 449 1115 πόλεων,
479 1032 537 1102 διδ
559 1032 597 1102 ιδ
622 1031 801 1122 ληίζεσθαι
822 1029 897 1101 δπδ
913 1037 1038 1123 Καρῶν
1060 1033 1135 1123 [τήν
1153 1031 1291 1124 χοίρου]
1315 1031 1354 1102 κδ

197 1157 334 1228 ἐθνικδν
352 1147 566 1244 Ἐπακριεδς.

280 1273 516 1362 Ἐπαρῖται,
540 1270 642 1352 ἔθνος
655 1267 844 1361 Ἀρκαδίας.
877 1270 896 1364 ή
916 1274 954 1342 δὲ
971 1270 1072 1354 πόλις
1087 1266 1356 1362 αὖτῶνἚπαρις

198 1395 278 1478 ἔδει,
302 1393 360 1481 οὐχ
382 1394 515 1484 εὕρηται
538 1395 588 1463 δέ.
623 1392 700 1482 περὶ
723 1393 761 1461 δὲ
782 1397 842 1462 τοῦ
859 1389 981 1475 ἔθνους
996 1395 1158 1483 Ξενοφῶν
1172 1386 1355 1484 καὶἝφο-

160 1543 255 1609 ωρος
278 1517 335 1586 καί
350 1513 549 1602 Ἀνδροτίων
572 1510 686 1605 φασίν.

255 1671 257 1676 ’
279 1634 460 1717 Ἐπειοί,
484 1631 669 1716 οἳἨλεῖοι,
693 1630 764 1703 διεδ
776 1629 921 1702 Ἐπειοῦ
936 1635 1114 1720 βασιλέως.
1149 1634 1188 1704 ιδ
1207 1633 1357 1722 θηλυκδν

193 2009 283 2092 χώρα
304 2011 499 2093 Μυγδονίας.
525 2015 681 2073 consultius
703 2016 792 2072 risum
814 2024 858 2072 est
877 2011 928 2072 καὶ
948 2008 1152 2080 Μακεδονίας
1171 2013 1354 2072 interserere.

197 2109 371 2185 Mygdoniae
397 2109 558 2166 Eordaeam
585 2109 654 2165 dicit
679 2128 757 2177 eam,
787 2110 815 2164 io
848 2128 933 2185 quam
958 2108 1142 2167 vetustissimi
1165 2107 1355 2164 Macedoniae

198 2221 280 2278 reges
307 2203 504 2260 Eordaeornm
537 2211 646 2280 partem
679 2221 714 2260 ex
746 2204 847 2281 patriis
879 2203 995 2261 sedibus
1027 2202 1055 2258 in
1081 2199 1267 2276 Mygdoniam
1295 2211 1355 2257 tra-

199 2298 351 2356 duxerant.
372 2296 400 2351 T
402 2296 507 2371 lmcyd.
519 2299 546 2364 2,
562 2303 613 2356 99:
634 2287 808 2372 ἀνέστησαν
828 2292 861 2355 δὲ
882 2296 1018 2373 (Temeni
1032 2292 1155 2373 posteri)
1177 2290 1228 2350 καί
1248 2290 1283 2352 ἔκ
1301 2294 1358 2371 τῆς

199 2391 253 2448 νῦν
275 2382 423 2467 Ἐσρδίας
448 2385 636 2465 καλουμένης
658 2381 811 2464 Ἐόρδους
833 2380 1030 2466 (Ἐορδοίς)·
1057 2369 1101 2446 ῶν
1126 2381 1155 2444 oi
1174 2382 1230 2461 μὲν
1250 2385 1356 2446 πολλοὶ

200 2477 434 2563 διεφθάρησαν,
459 2477 562 2560 βραχὺ
583 2477 620 2540 δέ
636 2503 664 2539 τι
686 2476 790 2540 αὐτῶν
808 2479 877 2560 περὶ
900 2476 1030 2540 monor
1051 2481 1093 2557 (io
1113 2479 1284 2558 Mygdonia)
1306 2501 1356 2538 κα·

200 2570 345 2658 solamur.
425 2583 452 2636 1.
464 2570 598 2654 Ἰβυρίας
617 2577 653 2635 R.
674 2577 784 2636 iberiae
800 2576 963 2636 Eordaeam
984 2575 1145 2655 geographi
1164 2583 1269 2632 norunt
1289 2575 1355 2634 nul-

199 2671 265 2730 lam.
293 2670 475 2734 scribendum
502 2669 613 2726 videtur
629 2663 788 2747 Ἰλλαρίας.
815 2672 946 2728 existimo
973 2681 1067 2728 autem
1094 2689 1188 2746 neque
1213 2668 1355 2744 illyricam

198 2785 293 2840 neque
315 2783 399 2840 quam
420 2765 514 2820 statim
535 2775 673 2822 memorat
686 2765 859 2822 'l'lrracicam
872 2764 1034 2822 Eordaeam
1052 2764 1271 2822 aMaoedonica
1291 2781 1356 2822 eree

199 2859 349 2916 diversam.
370 2859 500 2916 nimirum
517 2857 682 2937 Stephanus
703 2877 781 2916 more
802 2877 855 2914 suo
877 2857 1065 2938 complurium
1085 2858 1256 2934 scriptorum
1277 2857 1356 2915 locor

200 2958 385 3028 apposuerat,
407 2970 527 3026 quorum
548 2951 606 3019 alii,
627 2959 657 3008 ut
679 2952 747 3006 varii
768 2960 851 3009 erant
870 2971 924 3028 pro
944 2953 1029 3010 variis
1050 2951 1227 3029 temporibus
1245 2950 1356 3008 illarum

198 3045 411 3122 provinciarum
442 3051 471 3100 et
499 3043 570 3101 lines
597 3053 626 3102 et
651 3046 780 3114 uomina,
809 3045 972 3104 Eordaeam
999 3045 1105 3121 lllyrici
1135 3045 1185 3102 alii
1210 3043 1356 3101 Thraciae

199 3141 345 3215 regionem
371 3137 516 3205 dixerant,
548 3138 719 3215 epitomator
745 3148 854 3208 autem,
886 3138 963 3214 quod
990 3141 1098 3198 centies
1125 3139 1232 3196 sactum
1259 3139 1294 3194 ab
1320 3155 1356 3195 eo

102 3239 105 3246 ’
200 3234 335 3303 vidimus,
361 3232 489 3289 distinxit
517 3250 591 3306 quae
612 3250 670 3288 non
693 3230 896 3308 distinguenda
916 3244 1007 3291 erant.
1035 3233 1119 3290 aliter
1138 3251 1198 3289 rem
1219 3231 1356 3310 expedire

199 3338 317 3386 conatus
339 3337 383 3385 est
403 3326 502 3384 'l'asel
524 3325 660 3384 Thessal.
682 3345 710 3403 p.
732 3329 799 3384 237.
887 3331 915 3384 2.
937 3319 1071 3401 οἰκήτωρ
1089 3318 1268 3401 Ἔορδαῖσς]
1290 3326 1357 3382 Non

198 3432 241 3480 eut
263 3420 413 3478 verisimile
435 3407 569 3478 omissam
594 3438 659 3477 esee
686 3420 863 3498 ascriptore
890 3420 974 3496 longe
1001 3420 1214 3477 usitatissimam
1241 3418 1356 3495 gentilis

199 3513 320 3570 sormam
333 3506 474 3587 Ἐορδός,
495 3514 665 3590 praesertim
688 3532 750 3570 cum
771 3514 866 3570 statim
887 3513 924 3571 de
945 3515 1006 3571 eius
1027 3521 1147 3570 accentu
1168 3521 1281 3570 tractet.
1301 3513 1356 3568 ita-

199 3625 255 3682 que
276 3605 457 3662 scribendum
479 3597 611 3685 οἰκήτωρ
634 3598 778 3684 [Ἐυρδός
797 3601 861 3678 καί]
884 3597 1059 3681 Ἐορδαΐος.
1164 3610 1191 3664 3.
1213 3600 1297 3684 ίκτῃ]
1320 3605 1355 3664 V.

199 3698 302 3756 Arcad.
328 3718 357 3776 p.
379 3699 431 3771 48,
459 3703 505 3758 15.
537 3702 583 3758 ubi
610 3700 714 3778 supple
740 3694 775 3756 τδ
803 3694 835 3756 δὲ
861 3691 1038 3774 ὀρυμαγδός
1063 3696 1127 3773 [καί
1152 3692 1186 3756 td
1210 3688 1356 3774 Ἐσρδός]

198 3783 346 3859 ὀξύνεται.
460 3787 646 3870 Ἐορδισταί
668 3795 692 3850 si
713 3792 918 3870 appellativum
939 3801 998 3860 est,
1024 3800 1055 3847 ut
1076 3787 1218 3866 significet
1237 3809 1287 3846 eos
1309 3791 1359 3866 qui

199 3884 358 3943 Eordorum
381 3895 478 3963 partes
499 3896 672 3963 sequuntur,
698 3897 727 3941 ut
748 3882 946 3942 Αίτωλισταί
963 3895 992 3943 et
1012 3884 1129 3950 similia,
1156 3893 1233 3942 reete
1254 3875 1357 3952 δ’ξυτο·

200 3983 302 4045 νεῖται,
318 3979 361 4034 sin
372 3979 480 4052 gentile
491 3990 544 4047 est,
559 3981 698 4038 communi
709 3979 915 4036 'l'lrraeicarum
929 3987 957 4036 et
967 3977 1219 4034 Macedonicarum
1231 3978 1361 4052 gentium

199 4064 325 4128 τονῶσει
347 4071 543 4129 subiciendum
565 4075 628 4131 erit.
656 4093 691 4131 ex
711 4073 766 4130 lme
787 4091 892 4149 genere
913 4080 980 4130 sunt
1003 4064 1155 4143 Ὀρέσται,
1178 4062 1357 4138 Ἐθνίσται,

199 4159 388 4240 Κυρρίυται,
410 4159 554 4231 Διίσται,
576 4161 760 4242 Ταυρίσται,
782 4160 932 4233 Πιιίσται,
952 4163 1152 4241 Λυγκήσται,
1170 4157 1359 4240 Σκορδίσται

201 4256 266 4314 alia.
295 4257 333 4315 cs.
354 4256 550 4314 Herodianum
573 4260 651 4338 apud
672 4267 800 4316 nostrum
821 4277 844 4314 s.
868 4276 892 4315 v.
914 4251 1065 4316 Πιιίσται.
1182 4259 1210 4315 4.
1231 4253 1356 4329 λαδίζω]

198 4350 371 4407 Addendum
393 4347 505 4407 videtur
522 4347 695 4409 Λυδίσταί.
807 4354 835 4408 6.
856 4345 912 4426 τήν
927 4340 1037 4429 χώραν
1056 4369 1073 4410 e
1093 4351 1190 4410 Strab.
1211 4355 1229 4410 9
1249 4369 1280 4430 p.
1297 4354 1357 4412 ’397

199 4443 268 4506 add.
290 4445 327 4504 H.
406 4447 435 4506 9.
456 4433 619 4528 Ξενοφῶν]
642 4443 758 4504 Hellen.
778 4447 807 4517 7,
828 4444 856 4520 4,
876 4447 924 4518 3³,
943 4448 990 4503 36.
1353 4466 1356 4474 ’
