2888 5070
755 231 830 305 316

323 407 478 499 Δωρίδος
499 411 534 479 ἐκ
556 407 685 499 πάτρης
705 408 879 497 βλαστόντ’
904 406 991 481 άπο·
1014 413 1165 504 τῶνγὰρ
1187 407 1330 503 ι’ίτλητον

364 535 483 613 μῶμον
503 525 773 619 ὑπεκπροφυγὼν
797 527 943 620 Θούριον
965 528 1037 616 ἔσχε
1059 529 1198 621 πάτρην.

215 648 254 716 τό
277 648 413 718 ἕθνικδν
435 644 618 732 ὁμωνύμως
643 644 798 735 Θούριοι,
826 651 883 718 καί
907 647 1104 738 Θουριακσί,
1126 650 1185 717 καί
1208 654 1373 738 Θουρῖνος

217 761 316 847 σίνος,
340 762 386 848 ὡς
399 763 568 856 Στράβων.
603 767 660 834 καί
681 761 808 857 ιῖίφτιλσ
831 769 869 836 δὲ
892 770 985 858 παρά
1002 769 1041 837 τό
1061 765 1207 859 Θούριος
1225 775 1376 858 Θουρια-

191 881 289 967 ινός,
313 881 359 967 ὡς
378 882 512 975 Πάριον
531 882 722 974 Παριανός,
745 881 766 975 ἢ
789 888 882 976 παρά
903 888 963 976 την
987 886 1147 977 Θουρίαν,
1171 882 1218 969 ὡς
1237 883 1374 972 Ὀλβια-

216 1003 284 1086 νός.
329 1002 416 1094 [ἔστι
443 1005 500 1073 καὶ
522 1003 718 1093 Μεσσηνίας
739 1000 868 1093 πόλις]
896 1004 1096 1088 Παυσανίας
1117 1007 1156 1075 δὲ
1175 1000 1375 1074 ’Άνθειαν

217 1121 319 1215 αὐτόν
340 1148 435 1214 φησι.
478 1123 534 1190 καί
558 1122 597 1190 τό
625 1122 764 1191 ἒδνικδν
788 1128 975 1212 Θουριᾶται
996 1126 1053 1193 καί
1076 1121 1223 1212 Θουριάς
1244 1124 1284 1193 τὸ
1306 1131 1373 1212 θη-

215 1243 314 1312 λυκόν
335 1244 393 1311 καί
416 1237 588 1332 Θουριεύς.
631 1241 720 1321 τινὲς
746 1241 784 1311 δὲ
809 1241 986 1311 Θουνίαν
1012 1243 1070 1311 καί
1094 1240 1295 1323 Θουνιάτας.

305 1358 455 1451 Θρᾴκη,
490 1356 577 1449 [άπὸ
608 1358 737 1450 Θρᾳκός
764 1360 932 1444 βασιλέως
961 1366 1023 1430 τού
1052 1359 1162 1430 πάλαι
1194 1362 1229 1430 ἐν
1258 1357 1373 1441 αὐτοῖς

178 1507 205 1546 ιιι
216 1477 484 1568 τελευτήσαντος,
507 1473 543 1568 ἢ]
567 1473 638 1546 άπό
664 1474 795 1568 Θρηίκης
817 1475 946 1570 νύμφης
965 1479 1152 1560 Τιτανίδας,
1175 1475 1234 1569 άφ’
1253 1469 1292 1568 ἧς
1314 1482 1373 1547 καί

218 1596 351 1688 Κρόνου
370 1596 553 1685 Δόλογκος.
588 1593 661 1664 ἔστι
683 1593 755 1686 δὲὴ
775 1595 886 1688 Θρηίκη
906 1594 1007 1684 χώρα,
1030 1590 1201 1686 ἣΠέρκη
1220 1598 1372 1667 ἐκαλεῖτο

216 1718 272 1787 καί
282 1713 405 1805 Ἀρία.
433 1715 472 1785 τὸ
488 1715 625 1784 ἔδνικδν
642 1717 735 1806 Θρᾷξ
747 1715 804 1782 καί
820 1720 968 1805 Θρᾷσσα.
998 1716 1054 1784 καί
1071 1721 1203 1807 Θρᾷττα
1218 1713 1371 1799 άττικῶς,

215 1838 273 1906 καί
300 1833 320 1923 ἦ
351 1832 423 1904 άπὸ
448 1831 580 1924 Θρηίκης
607 1831 710 1922 δούλη
737 1833 794 1901 καὶ
821 1826 911 1914 εἶδος
941 1831 1059 1918 ἰχθύος
1080 1836 1137 1903 καί
1159 1831 1287 1925 ὀρνέου.
1331 1837 1370 1904 τό

215 1953 365 2042 θηλυκόν
388 1949 515 2042 Θρρκία
538 1947 609 2022 άπό
628 1956 689 2020 τού
714 1948 860 2042 Θρηίκιος
880 1953 937 2021 καί
954 1951 1110 2044 Θρᾴκιον.
1147 1955 1186 2022 τό
1209 1955 1248 2023 δὲ
1266 1955 1371 2044 Θραὶἰ

177 2098 288 2152 ωκιος
309 2071 518 2161 λέγεταικαὶ
539 2070 597 2139 διδ
618 2075 747 2163 μακροῦ
768 2075 828 2140 τοῦ
847 2075 865 2140 ι’
885 2067 1012 2165 αάνέρα
1030 2075 1068 2142 δὲ
1090 2070 1192 2161 Τροίη
1211 2072 1371 2163 Θρηίκιον

215 2337 243 2390 1.
263 2328 410 2410 Δωρίδος
433 2329 466 2390 ἐκ
485 2325 606 2409 πάτρης
628 2333 688 2412 Pp,
712 2328 858 2410 Δωρίδος
877 2330 910 2392 ἐκ
929 2328 1050 2410 πάτρας
1069 2337 1209 2405 Tunes,
1234 2332 1370 2396 δωδοσικ

213 2418 335 2502 πάτρης
353 2425 394 2493 R,
419 2421 520 2493 διοδος
543 2421 577 2482 ἐκ
602 2420 721 2502 πάτρης
742 2428 783 2496 V,
809 2423 911 2503 δῶρον
930 2423 963 2484 ἐκ
982 2420 1103 2504 πάτρης
1123 2419 1196 2496 ΛΠ,
1220 2426 1371 2506 Δωριέων

214 2511 334 2594 πάτρης
346 2518 491 2576 Ματοιαι.
569 2512 733 2592 βλαστόντ’
755 2510 831 2576 άπο·
850 2519 896 2576 τῶ
914 2515 973 2596 γάρ
995 2511 1131 2595 ἄπλητος
1150 2521 1213 2592 RV,
1232 2517 1371 2596 βλαστόν

215 2604 240 2669 τ’
262 2604 362 2668 τίπτ’*
380 2611 425 2692 τῷ
448 2606 508 2691 γάρ
534 2602 671 2688 άπλητος
695 2613 732 2679 Α,
756 2610 903 2685 βλαυτῶν
926 2606 952 2670 τ’
979 2605 1040 2670 άπό
1066 2607 1127 2680 τιύς
1151 2609 1210 2690 γάρ
1238 2607 1371 2691 ἄτλητον

215 2723 355 2790 Tunes,
379 2721 525 2796 βλαυτῶν
550 2715 575 2778 τ’
598 2714 702 2779 άπασο
721 2715 781 2795 γάρ
802 2697 880 2798 άτλίη
900 2722 1028 2780 Tzetzae
1049 2722 1114 2780 cod.
1135 2722 1176 2792 B,
1202 2717 1368 2795 βλαστόντ’

214 2806 290 2872 άπο·
312 2811 447 2891 τῶνγὰρ
467 2805 604 2890 ἄπλητον
617 2813 789 2881 Brunckius,
808 2807 971 2886 βλαστόντ’
989 2806 1065 2872 άπο·
1085 2815 1147 2872 τῶν
1165 2809 1196 2874 δ’
1212 2807 1260 2892 ἄρ’
1276 2808 1369 2892 άδηκ·

214 2925 268 2973 τος
289 2907 402 2965 Ruhnk.
424 2907 461 2963 ad
478 2908 515 2964 H.
537 2909 566 2964 in
589 2908 714 2967 Cer.83.
735 2905 803 2962 mihi
824 2907 1005 2964 scribendum
1026 2906 1150 2965 videtur:
1170 2903 1318 2984 Δωρίδος
1338 2906 1371 2968 ἐκ

214 2990 335 3075 πάτρης
363 2990 543 3072 βλαστόνί·
576 2993 680 3057 οἰστῶν
710 2993 770 3076 γάρ
800 2989 946 3073 ἄτλητον,
980 3002 1039 3057 nive
1070 3000 1152 3058 malis
1183 2991 1331 3076 άπλητον.

214 3095 241 3148 2.
262 3083 506 3170 ὑπεκπροφυγὼν
525 3091 650 3148 Tzetzes
670 3099 699 3147 et
718 3090 862 3158 Musnrus,
882 3085 1129 3169 άπεκπροφυγιύν
1148 3092 1222 3150 libri.
1301 3087 1371 3168 ἴσχε

215 3201 286 3240 ν··ν
306 3185 440 3251 Tzetm,
461 3186 509 3242 ubi
529 3183 595 3243 cod.
615 3183 640 3241 13
664 3175 801 3261 Θούριον
821 3177 853 3239 δ’
875 3176 994 3262 άστριν.
1102 3185 1130 3242 4.
1150 3174 1232 3253 σίνος
1251 3179 1293 3253 ὡς
1313 3207 1370 3245 om.

213 3279 250 3336 R.
349 3270 516 3355 Στράβων]
537 3281 554 3334 6
576 3298 606 3356 p.
627 3278 693 3334 264.
791 3270 828 3333 τό
852 3269 1007 3354 Θούριονί
1121 3280 1148 3336 5.
1171 3270 1294 3355 Πάριος
1313 3280 1350 3337 Β.

216 3367 357 3447 Θουρίδιι
371 3371 407 3428 R
486 3373 514 3428 5.
525 3373 553 3429 6.
568 3363 611 3438 ὡς
626 3362 797 3442 Ὀλβιανός,
820 3369 898 3445 quod
919 3369 1003 3445 vulgo
1022 3379 1090 3448 post
1105 3363 1279 3446 Θουριανός
1296 3372 1369 3449 legi·

214 3473 268 3530 tur,
288 3463 345 3519 huc
365 3463 541 3522 transferunt
559 3462 623 3519 RV.
738 3454 866 3536 Ὀλβίαν
885 3469 951 3519 ante
969 3456 1130 3536 Ὀλβιανός
1155 3462 1283 3521 addebat
1302 3465 1339 3522 B.

215 3560 242 3612 6.
262 3551 327 3614 ἔστι
353 3552 404 3612 καί
430 3550 616 3629 Μεσσηνίας
640 3549 727 3621 πόλις
752 3553 820 3610 add.
842 3553 877 3612 Β.
994 3552 1194 3630 Παυσανίας]
1216 3557 1370 3625 1,31,1.

213 3652 241 3708 7.
248 3653 275 3707 8.
288 3643 339 3705 καί
353 3642 503 3724 Θουριεύς
513 3644 564 3704 καί
575 3641 610 3704 τό
621 3641 761 3723 θηλυκόν
774 3637 933 3724 Θουριάςί
1002 3651 1030 3706 8.
1041 3645 1092 3706 καί
1106 3643 1259 3726 Θουριεύς
1270 3652 1371 3708 om.V.

214 3737 292 3808 τινὲς
312 3737 359 3813 δέ]
381 3737 432 3797 καί
452 3741 488 3798 V.
587 3731 763 3807 Θουνιάτας
783 3740 818 3807 R,
845 3732 1020 3816 Θουνιάτης
1040 3745 1073 3810 Α,
1101 3732 1272 3798 Θουνιάται
1292 3743 1330 3799 V.

214 3840 242 3893 9.
255 3839 301 3892 10.
323 3826 383 3891 ἀπὸ
406 3827 532 3914 Θρρκός
550 3863 587 3875 -
607 3822 845 3906 τελευτήσαντος
863 3823 884 3910 ἢ
905 3832 1009 3890 adnss
1031 3852 1067 3891 ex
1088 3833 1238 3891 Constant.
1260 3835 1370 3914 Porph.

215 3927 252 3985 de
273 3926 410 3984 Them.2
430 3945 460 4002 p.
473 3928 510 3982 46
531 3925 627 3982 Bonn.
649 3925 697 4000 qui
717 3933 784 4001 post
801 3916 961 4002 Δόλογκος
981 3926 1076 3982 addit:
1096 3915 1172 3983 ὅθεν
1190 3921 1226 3984 τὸ
1246 3929 1372 4003 πρῶτον

214 4013 307 4087 ἔθνος
316 4019 378 4076 τῶν
391 4010 683 4098 ΘρᾳκῶνΔόλογκοι
696 4008 907 4090 ὀνομάζονται,
921 4037 995 4095 quae
1008 4029 1036 4076 et
1046 4019 1111 4097 ipsa
1117 4018 1258 4095 Stephani
1268 4020 1371 4078 viden-

214 4123 269 4181 tur,
285 4113 403 4189 quinon
416 4110 540 4167 dubitari
552 4118 647 4187 potest
659 4109 727 4184 quin
738 4111 851 4166 Arriani
864 4113 1028 4170 testimonio
1040 4131 1108 4169 usus
1122 4113 1168 4179 sit,
1182 4111 1259 4186 qnod
1274 4131 1311 4169 ex
1324 4115 1371 4170 in·

214 4207 337 4282 tegriore
358 4203 500 4281 Stephani
524 4202 625 4259 codice
651 4201 745 4259 attulit
764 4203 846 4260 Eunt.
868 4205 906 4260 ad
925 4203 1011 4263 Dion.
1033 4209 1100 4263 322.
1179 4208 1225 4262 11.
1247 4199 1370 4281 Πίρκη]

213 4297 327 4356 Nomen
348 4296 403 4353 hoc
422 4289 517 4371 πέρκη
539 4293 720 4350 scribendum
737 4303 766 4351 et
783 4298 828 4353 13.
843 4304 910 4372 post
923 4289 1034 4370 ἰχθύος
1047 4296 1231 4355 inserendum
1247 4295 1371 4356 videtur.

214 4394 260 4448 12.
271 4383 394 4464 Ἀριιάί
467 4387 512 4442 14.
523 4385 569 4441 15.
584 4376 721 4465 Θρηίκιος
731 4385 804 4456 libri,
821 4382 1013 4463 ΘρηίκιοςΒ.
1093 4391 1139 4446 15.
1155 4383 1293 4466 Θρόνιον
1305 4389 1370 4448 RV.
