2888 5084
615 279 684 352 191
792 291 794 298 “

157 459 386 549 Βωλίγγαι,
409 457 511 540 ίθνος
530 455 676 530 Ἰνδικόν.
709 457 892 542 Διονύσιος
915 460 950 553 ιὴ
971 469 1037 532 τῶν
1054 471 1230 557 Βασοαρι-

65 583 135 650 κῶν
157 581 240 675 ακαὶ
259 575 337 648 τότε
359 577 555 670 Βωλίγχησι
574 575 644 663 μετ’
667 576 811 671 ἀνδράσι
837 581 1012 672 Ὶίκταφος
1032 576 1155 670 ῶρτο”.

154 697 311 784 Βωμοί,
329 694 434 789 λόφοι
448 695 635 780 Αίτωλίας.
667 696 701 767 ολ
714 704 945 782 κατοικοῦντες
958 707 1107 792 Βωμιῆς.
1142 709 1229 772 Θου-

64 817 205 908 κυδίδης
234 815 328 908 τρίτῃ
366 821 528 910 αΒωριιῆς
559 817 617 884 καί
648 819 803 906 Καλλιῆς
834 816 1110 910 ἐπεβοήθησαν”.
1154 819 1227 890 ἀλλ’

65 938 160 1009 ἔστιν
182 933 253 1006 ἀπό
274 941 335 1005 τοῦ
356 932 503 1020 Βώμιος,
526 930 572 1015 ῶς
595 931 665 1003 άπὸ
687 941 747 1004 τοῦ
768 935 900 1026 Χήσιος
920 940 959 1008 τό
975 937 1133 1027 Χησιτίις.
1171 942 1254 1010 nais

65 1054 184 1145 βωμός
212 1052 231 1124 ὁ
252 1050 362 1135 τόπος
387 1058 454 1121 τῶν
474 1057 620 1137 θυσιῶν,
651 1050 671 1123 ὃ
693 1055 780 1144 πρὸς
800 1055 862 1145 τόν
882 1052 1025 1148 ἐσχάραν
1047 1056 1226 1150 διάφορος·

67 1176 88 1247 ό
115 1177 178 1263 μὲν
205 1173 268 1265 γάρ
297 1169 531 1262 οίκοόομητός,
561 1169 582 1263 ἡ
612 1174 650 1242 δὲ
677 1171 820 1265 σκαπτή.
863 1175 902 1244 τό
929 1178 1072 1246 τοπικόν
1098 1175 1228 1262 βῶμιος

66 1300 125 1366 καὶ
147 1294 232 1364 κατὰ
254 1289 459 1382 παραγωγὴν
479 1297 654 1378 βωμιαῖος.
688 1295 866 1384 Σοφοκλῆς
886 1291 1126 1380 Λίχμαλῶτισι
1149 1297 1229 1389 αταί
1349 1374 1355 1384 ,

65 1417 236 1501 βωμιαῖον
256 1407 400 1501 ἐσχάρας
421 1407 535 1497 λαβῶν
555 1407 723 1500 [λίθον]”.

153 1535 326 1620 Βῶγχις,
356 1526 459 1610 πόλις
478 1525 679 1609 Αἰθιοπίας
705 1531 792 1618 πρός
816 1533 863 1619 τῷ
884 1529 984 1620 τρίτῳ
1006 1530 1226 1623 καταρράκτῃ.
1240 1565 1267 1606 ιο

63 1653 106 1721 τό
129 1650 269 1722 ίθνικόν
289 1646 458 1737 Βωγχίτης
481 1643 527 1728 ῶς
549 1646 741 1738 Μεμφίτης.

153 1767 405 1852 Βωταχίόαι,
427 1765 534 1848 τόπος
549 1763 738 1857 Ἀρκαδίας,
761 1763 832 1837 ἀπό
848 1765 1020 1852 Βωτάχου.
1054 1766 1228 1852 Νικόλαος

66 1891 86 1958 ί
117 1884 296 1982 (ι’ίοκρίτου
325 1889 364 1958 ll
391 1891 452 1955 τοῦ
480 1882 681 1974 Λυκούργου
708 1881 881 1971 Βῶταχος,
912 1883 970 1977 ἀφ’
1001 1878 1042 1955 οὗ
1071 1883 1091 1955 ό
1119 1883 1227 1970 τόπος

68 2006 265 2093 Βωταχίόαι
287 2005 322 2078 ἐν
346 2006 454 2096 Τεγέᾳ
476 2000 640 2093 ίκλὴθη”.

155 2125 288 2213 Γάβα,
317 2123 419 2206 πόλις
446 2119 645 2204 Γαλιλαίας.
685 2120 848 2214 Ἰώσηπος
873 2124 1018 2215 πίμπτφ
1041 2122 1226 2216 Ἰουδαϊκῆς
1238 2158 1264 2198 ιι

66 2243 316 2338 όρχαιολογίας.
348 2243 388 2314 τό
411 2241 548 2313 ἕθνικότ
570 2239 755 2332 Γαβαηνός,
779 2241 826 2326 ὡς
848 2242 949 2327 αὐτὸς
966 2242 1139 2334 Ἰώσηπος.

154 2373 185 2434 Γ
188 2361 345 2453 αβάθη,
367 2360 472 2443 πόλις
486 2358 684 2444 Γαλιλαίας,
708 2358 754 2444 ῶς
765 2360 929 2454 Ἰώσηπος
947 2364 1029 2454 ἕκτῳ
1042 2360 1226 2456 ’ἱουόαὶκῆς

68 2483 317 2578 ἀρχαιολογίας.
359 2481 401 2551 τό
422 2481 561 2551 ἐθνικόν
582 2480 797 2571 Γαβαθητός,
818 2488 867 2572 τῷ
886 2480 983 2575 τύπῳ
1004 2488 1063 2573 τῆς
1082 2482 1203 2574 χῶρος.

152 2598 339 2689 Γάβαλα,
362 2597 465 2685 πόλις
489 2598 655 2688 Φοινίκης,
677 2592 718 2689 ἣν
739 2603 896 2691 θηλυκῶς
911 2598 1088 2684 Ἑκαταῖός
1111 2627 1224 2694 φησιν.

67 2722 86 2794 ὃ
109 2726 149 2794 δὲ
171 2719 331 2812 Στράβων
350 2717 488 2809 Συρίας,
516 2716 660 2807 πλησίον
679 2718 904 2800 Λαοδικείας.
945 2715 965 2788 ό
988 2717 1130 2809 οἰκήτωρ
1153 2729 1223 2790 Γα-
1236 2751 1263 2791 το

66 2841 205 2930 βαλίτης
233 2840 292 2908 καί
318 2839 470 2928 θηλυκόν
498 2833 519 2927 ἡ
550 2837 748 2923 Γαβαλῖτις,
777 2834 865 2908 :illl
892 2840 948 2908 καί
975 2837 1152 2924 Γαβαλεύς
1178 2836 1225 2921 ῶς

67 2957 257 3051 Μεγαρεύς.
291 2955 364 3028 ἔστι
385 2959 444 3026 καὶ
461 2952 555 3045 χῶρα
572 2952 731 3046 Ἀραβίας
752 2957 809 3026 καί
831 2957 961 3047 λέγεται
979 2954 1130 3051 ἡπρώτη
1145 2961 1224 3029 σολ·

67 3082 155 3170 λαβῆ
191 3079 250 3148 διὰ
285 3079 346 3146 τοῦ
378 3077 397 3144 ἓ
432 3076 585 3163 Γάβαλα,
622 3076 680 3143 καί
710 3077 750 3145 τό
782 3077 919 3147 ἐθνικόν
955 3077 1147 3180 Γεβαληνός
1179 3075 1225 3161 ῶς

67 3197 223 3290 Δαυηνός
238 3191 435 3286 Ἀδαρηνός,
457 3199 503 3285 τῷ
523 3192 620 3284 τόπῳ
639 3199 706 3263 τῶν
726 3194 901 3286 ίγχωρίων.

66 3435 92 3486 1.
105 3421 262 3502 Βωλίγγαι
275 3423 340 3492 Bll,
360 3375 503 3499 Βῶλιγγα
522 3423 597 3480 libri.
674 3428 702 3481 2.
715 3415 783 3482 τότε
798 3425 834 3494 Β,
854 3419 923 3483 τότε
944 3417 982 3500 δὴ
1004 3424 1079 3481 libri.
1158 3421 1224 3482 Βω-

65 3519 184 3596 λιγγῇσι
207 3515 281 3574 libri.
365 3519 395 3574 3.
414 3513 530 3590 Βομιΐς
549 3511 593 3573 Π.
677 3516 706 3573 4.
727 3513 828 3594 τρίτῃ]
850 3538 876 3576 c.
896 3523 944 3579 96.
965 3517 1012 3577 ubi
1032 3510 1224 3594 ἐβοήθησαν.

65 3607 195 3686 Βωμίης
214 3604 265 3667 καί
285 3604 424 3685 Καλλίης
442 3609 507 3676 RV,
527 3604 656 3684 Βωμίης
674 3605 725 3665 καί
744 3606 883 3687 Καλλιῆς
902 3614 936 3669 Α.
1014 3614 1043 3668 6.
1062 3603 1170 3684 βωμός
1188 3611 1225 3680 Β,

63 3695 183 3778 βιόμιος
203 3703 277 3760 libri.
375 3707 403 3762 7.
425 3693 622 3776 ῶκοόσμητός
642 3702 678 3759 R.
776 3707 805 3763 8.
826 3694 1044 3778 Αίχμαλῶτισι
1064 3704 1128 3772 RV,
1146 3701 1224 3778 Αλχ·

63 3790 226 3874 μολιότῃσι
247 3798 280 3853 Α.
369 3803 396 3856 9.
417 3789 509 3851 λίθον
529 3793 598 3853 add.
618 3795 659 3852 ll.
744 3801 791 3854 12.
812 3791 982 3869 Βωταχίδα
1001 3796 1039 3852 V.
1124 3798 1171 3854 14.
1192 3794 1224 3854 lv

67 3885 165 3970 Τεγίρι
185 3890 222 3956 R,
241 3884 274 3946 ἐν
293 3888 332 3967 τῇ
354 3882 452 3969 Τεγίη
471 3888 505 3956 Α,
524 3883 557 3945 ir
575 3891 625 3944 τεΐ
643 3881 739 3968 Τεγέη
758 3887 795 3945 V.
874 3891 921 3946 15.
943 3886 974 3945 Γ
971 3881 1057 3962 άβαα
1079 3887 1125 3964 (Γ
1122 3883 1223 3965 αβαά)

63 3978 100 4036 B.
199 3975 341 4060 πίμπτῳ]
363 3999 389 4038 ι.
410 3985 438 4038 2
556 3983 602 4039 16.
623 3977 654 4036 Γ
652 3973 789 4055 αβαηνός
812 3977 962 4057 PpIIRV‚
988 3980 1018 4039 Γ
1016 3975 1131 4057 αβηνός
1150 3985 1184 4041 Α.

59 4065 222 4148 Ἰώσηπος]
244 4073 290 4130 ΑΙ.
311 4075 407 4144 5,11.
508 4076 554 4130 17.
575 4065 666 4151 ίκτρι]
687 4092 712 4129 c.
734 4075 762 4130 5.
784 4073 831 4129 ubi
852 4070 882 4129 Γ
880 4067 1000 4150 αβαθή.
1098 4081 1145 4135 19.
1165 4074 1196 4133 Γ
1193 4069 1224 4133 ά·

61 4163 166 4236 βαλλα
187 4176 254 4224 ante
274 4167 312 4226 X.
409 4165 557 4240 θηλυκῶς
570 4160 733 4233 Ἑκαταῖος
752 4165 816 4234 RV,
841 4158 1004 4233 Ἑκαταῖος
1022 4165 1170 4241 θηλυκῶς
1189 4172 1223 4225 Α.

62 4259 111 4314 20.
132 4249 301 4334 Στράβων]
324 4264 361 4316 16
381 4279 411 4338 p.
432 4262 500 4318 753.
592 4263 642 4318 23.
663 4255 715 4315 καί
736 4277 791 4316 om.
812 4255 856 4316 Π.
949 4259 997 4318 24.
1017 4253 1163 4334 Δααηκός
1181 4260 1222 4326 lli,

61 4341 211 4427 Δαρηνός
232 4351 274 4418 ll,
297 4345 448 4427 Δοβηνός
473 4351 546 4409 libri.
659 4343 830 4428 Ἀδαρηνός
855 4350 1030 4420 Salmasius,
1056 4345 1224 4428 Ἀδραηνός

61 4439 213 4520 PpflRV,
235 4434 384 4516 Ἀόρηνός
403 4445 436 4500 Α.
