2866 5092
767 299 816 372 36

194 488 306 556 Ινικόν
333 484 392 552 διὰ
421 485 480 570 τῆς
508 487 545 548 ιῖι
569 477 761 568 διφθόγχου
781 475 975 565 Ἀθυραῖος,
1005 472 1051 557 ῶς
1067 473 1189 564 Ῥήβας
1206 472 1375 564 Ῥηβαῖος.

215 605 286 676 ἔστι
309 605 347 672 δέ
369 601 426 668 καὶ
447 595 598 678 Σκυθίας
620 597 774 682 ποταμός
791 593 948 680 Ἀθόρας,
972 590 1018 675 ῶς
1039 593 1287 684 Νυμφόδωρος.

293 717 441 800 Ἄθως,
466 711 545 806 όρος
563 712 703 806 Θρᾴκης,
727 711 798 784 ἀπὸ
812 708 912 782 ’Άθω
935 711 1096 802 γίγαντος,
1120 709 1167 793 ῶς
1184 711 1377 800 Νίκανδρος

217 843 362 927 πέμπτῳ
388 837 448 924 τῆς
468 831 669 924 Εὐρωπσίας

193 977 205 1016 ⁵
303 955 361 1024 καί
381 982 434 1037 τις
446 949 545 1023 ’Άθω
567 947 669 1020 τόσον
689 950 779 1042 όιμος
800 949 882 1019 λδῶν
906 949 1051 1040 Θρήικος
1073 947 1128 1020 ὑπ’
1153 945 1289 1040 όίστρυις

302 1073 415 1143 ἔκλυεν
437 1068 477 1140 οὗ
500 1070 665 1159 δηθέντος
686 1066 859 1159 αἰμττρήτῳ
881 1064 949 1137 ὑπὸ
974 1068 1088 1160 λίμνῃ,

305 1187 343 1274 λίς
365 1189 517 1260 ἀναποῦν
536 1187 683 1279 χείρεσσι
705 1185 766 1256 δύο
788 1185 944 1274 ῥίπτασκε
964 1189 1109 1274 βέλεμνα

303 1304 468 1399 ἠλιβάτου
490 1308 713 1397 προθέλυμνα
736 1304 971 1396 Καναστραίης
992 1304 1103 1395 πάρος
1125 1289 1235 1395 έίκρης.

217 1430 339 1519 βάλλει
361 1430 399 1497 δέ
421 1423 440 1516 ἡ
465 1426 543 1495 σκιά
565 1430 626 1494 τοῦ
648 1419 747 1516 όρους
768 1425 827 1493 ἐπὶ
849 1424 1007 1504 σταδίους
1027 1423 1251 1512 τριακοσίους.
1285 1422 1376 1514 εἴρη-

180 1579 206 1618 ιο
218 1577 275 1620 ται
298 1549 337 1617 δὲ
358 1540 568 1623 καίἍθοος,
591 1539 638 1624 ῶς
658 1543 697 1612 τό
721 1548 801 1623 Κῶς
824 1537 926 1623 Κόος.
961 1544 1092 1631 λέγεται
1114 1544 1170 1610 καί
1191 1544 1276 1612 κατὰ
1300 1569 1376 1613 συν-

218 1667 347 1755 αίρεσιν
366 1659 507 1742 ’Άθους
550 1658 572 1750 ἡ
595 1658 704 1741 κλίσις
730 1657 840 1750 διττή,
870 1663 926 1729 καί
944 1657 1082 1741 ’Ἀθωος
1102 1662 1158 1728 καί
1178 1655 1289 1730 Ἄθω.
1335 1665 1374 1732 τό

217 1785 360 1854 τακτικὸν
378 1777 517 1862 ’Άθωος
537 1781 637 1868 χωρὶς
656 1783 717 1845 τοῦ
739 1787 769 1859 ῖ,
799 1780 857 1847 καί
878 1774 1034 1858 Ἀθῶους
1054 1779 1133 1858 τοὺς
1154 1779 1375 1862 ἐνοικοῦντας,

217 1901 259 1974 τό
281 1905 319 1972 δέ
342 1903 464 1989 δηλοῦν
481 1900 520 1968 τὸ
544 1895 686 1987 ἀζήμιον
701 1901 977 1984 προπερισπᾶται
994 1897 1052 1964 καί
1067 1897 1125 1964 διὰ
1139 1901 1201 1964 τοῦ
1218 1906 1241 1979 ῑ,
1265 1897 1301 1967 ἐκ
1317 1905 1377 1989 τῆς

218 2025 327 2109 θηιῆς.
372 2018 466 2107 παρὰ
486 2018 526 2086 τὸ
550 2012 742 2106 ἀμφότερον
763 2018 801 2084 τὸ
825 2016 973 2104 θηλυκὸν
989 2013 1127 2096 Ἀθωίς.
1165 2013 1237 2084 έστι
1260 2019 1298 2086 δέ
1321 2019 1378 2085 καί

112 2213 113 2218 η
182 2133 330 2218 ιε’Άθως
352 2132 454 2216 πόλις
476 2133 535 2203 ἐπὶ
555 2139 602 2224 τῷ
615 2129 726 2223 ’Άθηκ
769 2135 827 2201 καί
849 2131 867 2203 ὁ
891 2133 1031 2221 πολίτης
1048 2131 1226 2223 Ἀθωίτης.

307 2249 409 2336 Ala,
429 2249 533 2333 πόλις
547 2249 696 2336 Κόλχων,
714 2249 834 2335 κτίσμα
849 2249 994 2341 Αἰήτου,
1010 2250 1188 2341 θαλάσσης
1204 2249 1377 2337 ἀπέχουσα

221 2371 343 2443 στάδια
369 2369 563 2458 τριακόσια,
594 2364 635 2460 ἣν
662 2370 876 2458 περιρρέουσι
905 2368 966 2438 δύο
989 2368 1154 2455 ποταμοί,
1175 2371 1301 2453 Ἵππος
1322 2376 1378 2442 καὶ

219 2488 382 2571 Κυάνεος,
403 2495 581 2569 ποιοῦντες
599 2485 701 2577 αὐτὴν
714 2486 922 2577 χερρόνησον.
955 2485 1045 2556 ἔοικε
1068 2491 1106 2558 δέ
1127 2485 1320 2559 τούναντίον
1343 2489 1380 2572 ἐξ

206 2603 323 2698 ἀὐτῆς
345 2605 514 2698 ὁΛίὴτης
536 2601 633 2689 εἶναι,
657 2603 703 2689 ῶς
719 2603 818 2675 Ἀοία
833 2603 999 2694 Ἀσιαίτης,
1023 2605 1128 2688 οὕτως
1146 2603 1223 2677 Αἶα
1243 2606 1379 2698 Λίότης

161 2728 277 2795 κακαὶ
296 2723 441 2815 Αἰήτης.
485 2723 557 2795 έστι
585 2727 702 2796 δὲκαὶ
726 2723 910 2804 Θετταλίας
931 2717 1031 2812 όίλλη,
1061 2715 1101 2812 ἧς
1125 2725 1289 2816 μέμνηται
1312 2737 1377 2798 Σο-

219 2929 421 2941 -ι-

220 3051 248 3104 2.
270 3040 333 3102 ἔστι
355 3041 406 3101 καί
426 3045 461 3102 R.
593 3041 732 3112 Σικελίας
753 3045 952 3112 Casmenas,
973 3063 1048 3120 quae
1069 3048 1234 3105 coniectura
1254 3059 1377 3128 propter

220 3137 421 3216 Nymphodori
441 3138 605 3196 memoriam
627 3135 710 3194 valde
731 3135 889 3214 probabilis
910 3147 964 3195 est.
1070 3139 1098 3196 4.
1119 3132 1216 3219 ίνιίτῳ
1237 3137 1314 3201 HV.

221 3235 250 3290 6.
272 3226 308 3288 οὐ
329 3226 367 3307 δὴ
389 3227 499 3297 θέντος
518 3230 553 3288 R.
584 3231 766 3286 Hermannus
792 3221 984 3303 αόιληθίντος
1004 3240 1032 3288 et
1052 3233 1081 3288 in
1101 3235 1287 3308 sequentibus
1308 3229 1377 3308 ιίμε·

219 3316 324 3402 τρήτηι
344 3319 393 3381 ἐπὶ
413 3317 503 3400 λίμνη
524 3311 604 3378 όσσα
625 3315 741 3388 νάπους
766 3321 814 3379 cll.
835 3321 981 3399 Sophocle
1002 3323 1110 3382 Trach.
1131 3325 1187 3382 436
1208 3317 1305 3398 ἄκρον
1329 3325 1378 3384 Οί·

220 3421 308 3474 τοῖον
329 3408 433 3480 νάπος.
550 3419 579 3472 7.
599 3406 769 3490 ῥίπτασκελ
887 3419 915 3472 8.
937 3406 1034 3492 ῶκρης
1054 3417 1091 3485 Η,
1111 3407 1206 3492 ἀκτῆς
1225 3417 1300 3477 libri.

221 3515 268 3567 10.
289 3500 411 3572 Ἄθοως
436 3500 478 3573 ῶς
502 3501 538 3564 τὸ
564 3504 638 3573 Κῶς
662 3498 755 3573 Κόως
774 3507 820 3574 1²³,
844 3499 958 3574 Ἄθοος
978 3499 1019 3572 ὡς
1038 3501 1073 3562 τὸ
1094 3502 1177 3576 Καός
1196 3511 1231 3578 R,
1254 3504 1378 3580 Ἀθῶος

221 3595 263 3668 ῶς
290 3592 325 3655 τό
352 3594 426 3664 Κῶς
451 3596 544 3665 Κῶος
571 3598 619 3654 alii
646 3599 725 3676 apud
746 3601 788 3670 H,
811 3591 926 3664 Ἅθοος
947 3590 1084 3671 (Ἄθιῖιος
1104 3601 1150 3675 V)
1177 3595 1219 3669 ῶς
1244 3599 1278 3661 τὸ
1303 3604 1380 3673 Κῶς

220 3683 305 3758 Κόος
324 3690 385 3745 AV.
411 3688 478 3745 sort.
501 3680 620 3758 Ἀθόως
641 3687 705 3762 [καὶ
719 3683 857 3765 Ἅθοος],
879 3683 921 3757 ῶς
940 3685 976 3748 τό
996 3685 1089 3758 Κόως
1108 3686 1202 3761 Κόος.
1228 3695 1267 3752 cs.
1290 3698 1377 3754 Gim-

221 3784 281 3858 ling
295 3785 361 3838 Aee.
374 3801 403 3858 p.
416 3783 482 3839 289.
501 3779 537 3838 de
553 3774 638 3849 Κόος
655 3782 721 3841 vide
735 3783 812 3840 iusta
822 3804 846 3841 s.
861 3803 886 3840 v.
898 3781 972 3850 Κῶς
988 3793 1017 3842 et
1028 3785 1136 3842 Herod.
1147 3805 1216 3860 μον.
1228 3807 1258 3865 p.
1271 3789 1318 3858 41,
1330 3796 1377 3851 30.

222 3881 269 3933 11.
284 3867 406 3939 Ἄθωος
426 3869 476 3929 καί
490 3865 578 3930 Ἄθω
598 3874 635 3942 V,
649 3865 764 3942 Ἄθοος
784 3871 834 3932 καί
849 3867 937 3934 Ἄθω
954 3878 989 3944 R,
1003 3869 1117 3946 Ἄθοος
1136 3874 1187 3936 καί
1201 3871 1308 3948 Ἄθως
1324 3887 1358 3942 Α.

222 3968 268 4023 1-1.
293 3960 360 4040 περί
386 3959 420 4022 τό
446 3957 632 4042 ἀμφότερον.
663 3962 699 4023 τό
724 3962 785 4042 χιλρ
810 3963 949 4043 θηλυκόν
974 3971 1011 4026 V.
1042 3971 1223 4028 scribendum
1250 3975 1377 4033 videtur:

221 4051 284 4113 ἔστι
307 4051 340 4112 δέ
359 4052 410 4112 καί
424 4047 528 4124 Ἄθως
547 4049 635 4125 πόλις
654 4053 702 4115 ι’πί
723 4048 877 4138 τῶἍθῳ.
898 4058 983 4140 παρὰ
1004 4058 1039 4122 τὸ
1061 4057 1239 4140 ἀμφότερον
1259 4059 1275 4122 ό
1296 4067 1377 4125 πολί-

220 4165 275 4220 της
294 4140 447 4222 Ἀθωίτης
467 4144 518 4204 καί
539 4143 574 4205 τό
595 4143 734 4223 θηλυκὸν
752 4143 855 4208 Ἀθωί
870 4193 877 4210 .
1014 4161 1060 4214 16.
1082 4155 1213 4230 Κολχῶν
1233 4160 1297 4217 RV.

212 4230 340 4313 Ἀλήτοο
360 4237 403 4295 Π.
494 4234 655 4316 θαλάττης
674 4243 710 4300 R.
800 4248 846 4301 17.
868 4239 982 4303 στάδια
1001 4241 1177 4324 τριακόσια]
1199 4253 1278 4327 apud
1300 4253 1375 4312 min.

218 4331 274 4386 NH
296 4331 349 4399 v1,
369 4332 397 4388 4.
426 4341 470 4390 est
488 4333 543 4388 XV
563 4351 600 4390 m.
628 4353 746 4412 passus,
772 4337 819 4392 ubi
845 4339 970 4414 optimus
996 4338 1070 4396 liber
1092 4341 1180 4398 habet
1206 4345 1294 4403 CXL.

218 4426 265 4484 18.
285 4414 410 4490 Κόανος
430 4425 466 4483 V.
567 4430 613 4484 19.
634 4422 769 4503 Αἰήτης]
791 4423 911 4503 Αίητος
930 4429 965 4486 R.
