2902 5070
763 337 838 411 246

222 518 392 606 (ἐλέγοντο
428 519 491 606 μόρ
525 519 781 604 Δυσποντιεῒς),
819 517 913 607 παρδ
949 519 987 586 δι’
1020 518 1078 618 τόν
1113 520 1275 601 Πέλοπος
1306 518 1382 590 σίόν

221 631 457 705 Δόσιτοντον”.

309 751 484 836 Δύστος,
508 749 610 833 πόλις
625 750 784 839 Εὖβοίας.
821 751 1028 838 Θεόπομπος
1044 755 1079 824 δν
1097 758 1314 824 Φιλιππικῶν
1330 753 1380 825 κδ’

225 870 447 966 «ἀποστήσας
477 875 516 942 δὲ
542 873 620 952 τούς
647 873 682 942 ἐν
710 869 796 964 αὐτῇ
820 877 863 964 τῇ
891 871 1077 960 περιοικίδι
1103 875 1170 942 τών
1186 869 1382 965 Ἐρετριέων
1420 887 1424 896 “

197 988 438 1080 ιέστρότεοσεν
460 989 518 1060 ἐπὶ
539 987 641 1059 πόλιν
662 987 831 1060 Δύστον”.
870 992 910 1059 τό
934 991 1072 1060 ίθνικδν
1093 988 1250 1074 Δύστιος.

310 1107 500 1198 Δωδώνη,
530 1106 633 1189 πόλις
658 1113 716 1197 τῆς
737 1109 958 1193 Μολοσσίδος
982 1097 1017 1179 ἐν
1041 1107 1209 1199 Ἠπείρῳ,
1237 1106 1317 1178 καθ’
1341 1103 1381 1200 ἢν

223 1231 428 1308 Δωδωναῖος
449 1223 536 1308 Ζεύς
560 1224 753 1320 «Δωδώνης
773 1227 901 1312 μεδέων
923 1223 1177 1316 δοσχειμίρου”.
1215 1229 1272 1296 καί
1293 1234 1380 1298 Διο-

222 1343 335 1426 νύσιος
351 1342 545 1438 «Δωδώνης
556 1339 696 1436 ἤπειρος
712 1342 888 1437 ἀπείριτος
901 1342 1168 1416 ίντετόνυσται”.
1198 1343 1381 1428 Φιλόξενος

163 1469 171 1484 “
223 1463 262 1532 δι’
291 1460 310 1532 ό
338 1465 398 1554 τήν
422 1459 620 1534 Ὀδύσσειαν
646 1460 926 1552 ύπομιηματίζων
954 1460 1016 1534 δύο
1046 1462 1142 1555 φησί,
1176 1467 1380 1554 Θετταλικὴν

185 1582 280 1652 ιοιιαί
304 1580 553 1672 Θεσπρωτικήν,
576 1581 681 1664 οὕτως
705 1580 898 1676 «Δωδώνην
919 1587 977 1651 νῦν
997 1605 1081 1672 φησι
1101 1582 1161 1671 την
1184 1587 1379 1672 Θεσπρωτι-

222 1703 282 1789 κήν
310 1702 345 1771 ἐν
370 1692 454 1792 ᾗτδ
475 1707 632 1786 μαντεῖον
660 1701 695 1768 ἐκ
721 1704 782 1791 τῆς
809 1699 925 1788 δρυός,
956 1698 1053 1791 ἑτέρα
1081 1703 1118 1770 δὲ
1145 1697 1165 1790 ἦ
1193 1702 1377 1791 (omnim)

223 1813 281 1910 ἄρν’
305 1809 345 1910 ἧς
365 1816 383 1888 δ
411 1817 582 1904 Ἀχιλλεύς
604 1821 699 1886 καλεῖ
719 1820 777 1887 τόν
799 1816 905 1889 Δία”.
948 1817 1038 1888 ἔοικε
1066 1821 1104 1888 δὲ
1130 1818 1237 1900 οὕτως
1263 1819 1378 1888 ίπιλε-

222 1939 354 2025 λῆσδαι
375 1934 414 2005 τό
439 1933 552 2029 «ἀμφὶ
574 1938 612 2006 δὲ
625 1938 748 2004 Σελλοὶ
769 1938 825 2005 σοί
846 1934 974 2006 ναίουδ
990 1933 1168 2029 ύποφῆται
1189 1933 1380 2006 ἀνιπτόπο-

223 2057 279 2134 δες
299 2052 537 2139 χαριαιεύναι”.
570 2058 645 2136 πώς
664 2056 727 2145 γὰρ
747 2055 874 2124 τούτων
893 2056 1058 2144 μέμνηται
1079 2051 1150 2124 όπδ
1171 2058 1231 2143 τῆς
1254 2059 1379 2122 Θεττα-

184 2200 209 2240 ιτ
223 2177 317 2264 λαιῆς
338 2178 449 2243 καλών
472 2170 590 2258 αύτόν;
618 2171 705 2241 ούτω
732 2173 771 2243 δὲ
797 2175 855 2242 καὶ
872 2171 1122 2264 Ἐπαφρόδιτος
1143 2171 1178 2240 ἐν
1198 2176 1241 2262 τῇ
1262 2170 1300 2240 π’
1321 2176 1380 2260 τῆς

219 2288 365 2372 Ἰλιάδος
394 2296 499 2385 «τιμᾷ
525 2290 603 2372 τοὺς
629 2288 663 2359 ἐν
692 2288 845 2381 Δωδώνη
873 2290 1008 2376 ἔχοντας
1035 2289 1200 2382 ἐπιφανὲς
1224 2295 1380 2375 μαντεῖον

223 2503 423 2512 -—-----.--

223 2619 319 2700 1021129
335 2616 401 2701 [όν]
417 2627 570 2703 Bergkius.
591 2636 621 2684 at
636 2627 673 2686 cs.
686 2629 715 2684 in
728 2621 905 2705 Ἀμβρακία
915 2624 1024 2706 Ἄργος
1037 2621 1132 2687 Ἄστιν
1143 2620 1379 2705 Βύρβαροςετο.

221 2713 426 2786 Δασποντιεῖς
446 2717 669 2789 Ι..Ι)ἰοδοτ1ὶατ,
689 2717 882 2788 Δασποντεΐς
901 2721 933 2778 S.
1012 2716 1045 2777 δὲ
1065 2739 1101 2778 ex
1119 2720 1140 2777 S
1161 2721 1301 2787 revocavi,
1320 2739 1379 2777 om.

222 2809 302 2867 editi.
380 2817 408 2870 3.
427 2806 568 2885 Δύστος]
589 2812 723 2889 Epitome
744 2814 798 2869 sic:
819 2804 946 2881 Δύστος
963 2805 1052 2880 πόλις
1071 2805 1217 2886 Εὐβοίας.
1240 2803 1378 2886 Θεόπομ-

220 2917 278 2966 πος
305 2898 499 2960 Φιλιππικῶν
523 2895 581 2960 κδ’.
611 2898 647 2961 τὸ
678 2898 802 2960 ἓθνικόν
825 2898 971 2972 Δόστισς.
1097 2907 1126 2963 4.
1151 2901 1312 2982 περιοικίδι
1338 2905 1378 2974 Μ,

220 2988 371 3074 περιοικίρι
393 2995 425 3051 S.
533 3000 561 3054 6.
582 2987 738 3069 Διοδώνη]
764 2993 808 3050 Ex
828 2995 860 3052 S.
883 2999 918 3053 ab
939 2997 1128 3074 epitomatore
1146 2997 1219 3053 haec
1238 2998 1278 3053 ita
1298 3015 1377 3054 com-

220 3083 389 3159 pendifacta
401 3096 490 3170 vaunt:
510 3081 663 3162 Δωδώνη,
684 3080 772 3154 πόλις
791 3088 847 3164 τῆς
860 3085 1065 3155 Μολοττίδος
1083 3084 1115 3146 ἐν
1130 3081 1267 3167 Ἠπείρῳ
1273 3129 1282 3156 ,
1303 3082 1376 3147 καθ’

219 3166 258 3251 ἣν
277 3173 470 3247 Δωδωναῖος
485 3172 574 3246 Ζεύς.
595 3174 646 3236 καί
666 3171 826 3254 Δωδώνης
843 3175 962 3255 μεδέων
981 3175 1191 3256 δυσχειμέρου.
1215 3173 1379 3249 Φιλόξενος

219 3264 254 3326 δὲ
276 3261 332 3326 δύο
353 3267 440 3349 φησί,
465 3267 687 3348 Θεσπρωτικὴν
706 3266 758 3328 καί
781 3266 979 3347 Θετταλικήν,
1000 3272 1110 3339 κακῶς.
1134 3266 1188 3329 τὸν
1207 3266 1242 3328 δὲ
1260 3268 1376 3330 Δωδω-

218 3364 304 3419 ναῖον
324 3356 427 3438 ἔλεγον
446 3357 496 3420 καί
511 3362 621 3420 Ναῖον.
642 3357 819 3439 Ζηνόδοτος
839 3359 873 3419 δὲ
892 3357 1002 3441 γράφει
1023 3367 1160 3440 γωναΐος,
1181 3358 1244 3420 ἐπεί
1265 3359 1376 3421 λνΔω-

218 3445 302 3530 δώνη
333 3454 457 3528 πρώτον
488 3451 586 3533 φηγός
616 3449 806 3531 ἐμαντεύετο.
837 3447 924 3513 ι’ίλλοι
954 3452 988 3514 δὲ
1015 3447 1172 3534 γράφουσι
1198 3453 1375 3514 Βωδωναΐε.

217 3535 306 3600 πόλιν
330 3539 390 3622 μόρ
416 3537 491 3603 είναι
518 3542 683 3606 Βωδώνων
708 3539 786 3607 ὅπου
817 3545 954 3620 τιμᾶται.
986 3543 1102 3624 εἴρηται
1133 3539 1194 3606 ἀπὸ
1220 3543 1376 3624 Βαιδώνης

216 3633 292 3708 μιᾶς
310 3636 373 3692 τών
388 3631 578 3696 Ὠκεανίδων
596 3639 740 3719 νυμφῶν,
766 3630 785 3714 ἢ
807 3631 867 3696 ἀπὸ
888 3633 1048 3697 Δισδώνου
1074 3639 1130 3698 τοῦ
1149 3635 1228 3707 Διὸς
1248 3659 1287 3697 xa
1347 3659 1375 3698 v·

218 3718 336 3801 ρώπης,
363 3718 382 3804 ἢ
410 3722 471 3788 ἀπὸ
492 3727 650 3799 Δωδώνος
669 3731 820 3805 ποταμοῦ.
846 3715 1021 3808 λίμεῖἶδέ
1047 3729 1098 3790 καί
1117 3725 1253 3798 Δωδών,
1277 3716 1316 3806 ἧς
1339 3727 1374 3790 τό

217 3813 340 3876 ίθνικόν
360 3813 417 3895 οὐχ
436 3811 571 3899 εδρηται.
599 3819 815 3898 σχηματίζεται
836 3818 870 3880 δὲ
889 3818 1067 3892 Δωδώνιος.
1094 3820 1129 3883 τό
1148 3818 1288 3899 θηλυκὸν
1306 3820 1374 3882 Δω·

218 3903 319 3976 δωνίς.
347 3905 410 3969 ίστι
436 3911 488 3970 καί
512 3912 664 3992 παροιμία
684 3907 878 3972 Δωδωναῖον
892 3918 1037 3990 χαλκτῖσν
1056 3913 1104 3975 lui
1123 3915 1186 3974 τών
1205 3912 1305 3973 πολλὰ
1325 3917 1373 3974 λσ-

217 3994 368 4071 λούντων,
393 3995 413 4080 ἢ
439 3994 486 4062 δτι
506 4000 541 4064 τό
558 4006 702 4080 χαλκεῖον
721 3998 928 4081 πληττόμενον
947 4000 1026 4082 ἤχει,
1052 3999 1071 4083 ἢ
1097 3997 1145 4064 ότι
1169 4007 1209 4084 τῇ
1231 4003 1288 4089 βίᾳ
1313 4007 1374 4066 τών

174 4082 181 4100 ”
218 4086 338 4168 ἀνίμων
358 4087 433 4169 ἤχει.
461 4090 514 4175 ἀφ’
537 4082 612 4175 οὗὴ
634 4095 797 4174 παροιμία.
823 4101 863 4156 ita
883 4100 956 4158 haec
975 4103 1004 4157 in
1024 4099 1104 4156 libris
1124 4099 1231 4176 scripta
1251 4108 1327 4157 sunt.

216 4189 245 4242 7.
265 4180 438 4263 Δωδώνης]
465 4190 550 4248 Hom.
572 4191 606 4249 ΙΙ.
629 4193 680 4260 16,
700 4191 767 4248 234.
882 4198 911 4249 7.
928 4197 955 4250 8.
976 4184 1156 4265 Διονύσιος]
1183 4192 1248 4249 Per.
1268 4192 1336 4248 430.

217 4281 245 4336 9.
255 4271 451 4354 Ὀδύσσειαν]
467 4281 536 4340 Scil.
549 4285 595 4352 14,
607 4287 673 4342 327.
690 4282 733 4340 vel
746 4286 792 4348 19,
805 4285 872 4340 296.
951 4288 998 4341 12.
1011 4267 1121 4351 οὗτοςλ
1199 4275 1372 4341 12.13.ίπι-

216 4367 367 4444 λελῆσθαι
388 4369 419 4440 S,
437 4368 658 4450 ἐπικεκλῆσθαι
679 4371 759 4429 editi.
838 4377 884 4430 13.
906 4365 986 4451 ἀμφὶ
1008 4371 1055 4448 δι’]
1077 4376 1162 4433 Hom.
1183 4374 1216 4431 ΙΙ.
1238 4377 1285 4443 16,
1304 4373 1371 4433 234.

216 4455 305 4536 ἄμ...
327 4459 451 4531 Σιλλοῒς
471 4460 500 4522 οί
520 4467 551 4523 S.
