2866 5092
616 269 765 392 m

57 495 160 578 λίθος
176 494 352 584 διάσημος,
377 496 423 578 δίς
443 523 526 588 φησι
542 498 712 590 Νικάνωρ.
747 504 785 570 τό
806 503 942 575 ἐθνικόν
959 504 1220 598 Ἀλαβασερίτης

59 613 104 698 ὡς
118 613 329 705 Ἀβδηρίτης.

136 735 427 825 Ἀλαβούριον,
458 733 560 818 πόλις
585 737 719 824 Συρίας.
765 739 887 828 Χάραξ
914 741 1018 834 ὀγδόη
1048 751 1219 835 χρονικῶν.

58 856 94 924 ιδ
117 856 257 925 ἐθνικδν
280 851 511 943 Ἀλαβούριος.

137 970 349 1060 Ἀλοβιύν,’
362 970 464 1054 πόλις
487 973 668 1056 [Σικελίας]
693 979 750 1046 καί
771 978 934 1064 ποταμός,
958 978 1005 1062 ὡς
1026 981 1243 1073 Δημήτριοςῡ

60 1093 92 1160 ίν
113 1091 332 1177 σιινωνύμοις.
374 1090 522 1161 κλίνεται
545 1089 745 1181 Ἀλαβάνος.
790 1100 829 1167 τό
852 1100 989 1168 ἐθνικδν
1011 1097 1218 1186 Ἀλαβώνιος

61 1207 104 1291 ὡς
130 1208 368 1303 Κολοφώνιος.
1080 1225 1081 1228 ’

136 1328 335 1416 Ἀλαζών,
363 1329 465 1412 ἔθνος
487 1330 611 1421 ὅμορον
632 1339 703 1415 τοῖς
724 1333 886 1415 Σκύθαις.
922 1332 1074 1426 ὀξύνεται
1097 1339 1155 1406 διά
1177 1340 1217 1406 τὸ

60 1451 258 1520 ίπιθετικδν
279 1450 337 1518 καί
358 1446 520 1540 φυλάττει
543 1451 582 1518 τό
607 1459 634 1518 su
656 1453 744 1544 πρός
765 1451 1034 1546 ἆντιδιαστολήν.

136 1567 254 1638 ‘Alai
274 1568 541 1659 Ἀραφηνίδες
562 1571 619 1637 καὶ
640 1568 755 1640 ‘Ami
775 1571 1022 1656 Αίξιυνίδες,
1054 1578 1172 1664 δῆμον,
1196 1572 1255 1646 διο

59 1691 116 1773 μὲν
147 1695 208 1778 τῆς
237 1687 419 1778 Αἰγηίδος,
455 1686 474 1757 ό
508 1686 542 1758 δ’
572 1687 749 1772 Αἰξωνεύς
780 1697 840 1780 τῆς
870 1691 1065 1780 Κεκροπίας
1096 1697 1215 1782 φυλῆς.

59 1806 216 1898 ἑκατέρου
246 1803 265 1876 ὁ
295 1805 439 1897 δημότης
472 1802 551 1876 ίίνευ
581 1813 642 1876 τού
673 1804 869 1890 ῖἉλαεύς,
902 1813 959 1879 καὶ
984 1807 1133 1900 Ἀλῆθεν
1161 1816 1219 1881 καὶ

54 1924 169 2018 Ἁλῆσι
193 1929 251 1996 καί
271 1925 422 2017 Ἆλήνδε.
462 1924 699 2022 α’Ξενόφαντος
723 1926 894 2017 [Ἁλῆθεν]
919 1923 1031 1998 εἶπε”.
1076 1927 1219 2021 Τρύφων

58 2047 89 2116 δ’
106 2049 142 2118 ἐν
163 2045 383 2138 παρωνύμοις
406 2042 562 2139 κἈλαῖος
583 2045 811 2137 τρισυλλάβως
833 2048 889 2116 καί
906 2043 1080 2131 Ἁλαιαῖος
1102 2077 1217 2140 τειρα-

56 2164 234 2254 ουλλάβως
336 2160 381 2246 ὡς
401 2171 555 2253 Ληναῖος
575 2164 763 2254 Ληναιεύς,
793 2175 961 2256 Κρηταῖος
988 2165 1214 2258 Κρηταιεύς”.
1229 2199 1253 2239 ιι

56 2283 126 2354 ἀλλ’
151 2287 188 2355 ἐν
209 2294 282 2366 τοῖς
304 2283 379 2375 ἑξῆς
400 2281 469 2354 κατ’
488 2282 573 2366 ἔθος
590 2282 741 2354 Ἀττικόν
760 2283 894 2356 ἔνδειάν
913 2312 997 2377 φησι
1012 2293 1072 2356 τοῦ
1087 2292 1112 2356 ῖ.
1144 2285 1216 2357 ἔστι

56 2407 94 2474 δά
116 2401 136 2474 δ
160 2409 269 2494 δῆμος
289 2409 348 2493 τῆς
373 2402 598 2494 Ἀραφηνίδος
623 2405 748 2488 μεταξύ
773 2407 910 2493 Φηγέως
936 2411 997 2475 τοῦ
1024 2407 1110 2496 πρός
1132 2413 1215 2475 Μα-
1326 2409 1339 2434 ³

56 2707 134 2784 quod
156 2709 293 2786 scriptor,
316 2728 372 2784 quo
393 2729 462 2766 usus
484 2719 545 2767 erat
565 2709 741 2787 Stephanus,
762 2709 962 2766 Alabastritem
983 2709 1109 2787 lapidem
1130 2711 1216 2766 etiam

56 2802 84 2857 in
104 2801 231 2877 Phrygia
252 2803 331 2858 nasci
352 2801 472 2859 dixerat.
574 2794 761 2875 Ἡρόδοτος]
784 2799 864 2856 Nihil
885 2799 921 2858 de
941 2795 1099 2858 Alabastris
1120 2804 1214 2862 Hero·

56 2893 151 2952 dotus.
177 2895 310 2972 suspicor
330 2887 538 2966 Ἦρωδιανός,
565 2895 616 2969 qui
637 2893 674 2951 de
694 2901 815 2950 accentu
834 2891 918 2948 huius
939 2895 1060 2951 nominis
1082 2895 1216 2954 Catholi-

57 3005 154 3043 mmm
174 2987 250 3044 libro
270 2985 421 3044 undecimo
442 3005 529 3062 agere
550 2986 653 3064 potuit.
788 2989 816 3045 5.
838 2981 979 3054 Σικελίας
1003 2987 1071 3046 add.
1092 2988 1128 3046 B.

56 3083 85 3138 8.
106 3071 261 3152 ὀξύνεται]
283 3097 309 3136 ν.
329 3080 435 3137 Αιιιιδ.
455 3101 485 3158 p.
500 3085 546 3150 11,
568 3085 614 3138 19.
693 3082 740 3136 10.
755 3071 842 3136 ‘Ami
856 3073 1060 3156 Ἀραφηνίδες
1079 3083 1116 3149 X,
1131 3077 1215 3139 Ἆλα·

59 3163 229 3250 ραφνίνιδες
248 3169 350 3241 mv,
365 3166 611 3250 Ἀχαραφανίδες
629 3170 684 3248 Pp,
698 3163 935 3249 Ἀλαιιιφηνίδες
948 3172 985 3228 R.
1065 3169 1116 3228 καί
1131 3167 1215 3248 {cymi
1317 3149 1326 3170 ⁰

57 3261 214 3334 αίξιονίδες
225 3261 270 3322 Π.
334 3271 397 3324 .11.
411 3259 604 3341 Κεκροπίδας
618 3264 665 3321 W.
686 3258 863 3342 Κεκροπίας
876 3262 982 3320 dictum
1003 3273 1034 3320 ut
1047 3256 1217 3340 Ἀνειγονία

57 3369 85 3416 et
104 3353 275 3434 Δημητρία
296 3352 379 3437 φυλή
400 3377 447 3436 ap.
470 3358 559 3415 schol.
581 3357 698 3413 Aristid.
720 3378 750 3435 p.
772 3361 824 3415 331
848 3356 936 3412 Dind.
1029 3361 1075 3413 13.
1089 3346 1215 3431 Ἀλήνδε

57 3453 95 3519 H,
116 3443 285 3526 Ἅληθίνύε
305 3455 338 3520 Α,
362 3443 494 3526 Ἄληθες
519 3447 554 3507 δέ
578 3447 681 3515 flav,
705 3443 873 3524 Ἀληθίσδε
899 3450 953 3527 Pp.
982 3450 1105 3506 correxit
1129 3451 1216 3506 etiam

57 3543 214 3620 Bergkius,
242 3546 291 3619 qui
317 3546 503 3620 sequentibus
524 3545 618 3600 verbis
637 3535 769 3616 Ἁλῆθεν
789 3541 1029 3619 interponendum
1049 3562 1115 3600 esse
1135 3542 1214 3599 vidit.

58 3637 271 3714 Xenophantus
290 3637 415 3694 ίοείοιεε
436 3639 459 3694 in
480 3645 524 3694 est
545 3655 630 3711 quem
651 3642 854 3692 commemorat
874 3634 1017 3711 Aristoph.
1039 3635 1195 3694 Numam.

58 3733 100 3788 14.
121 3721 340 3804 τρισυλλάβως
359 3731 400 3798 R,
424 3722 619 3804 τρισύλλαβα
639 3727 681 3794 V,
706 3719 896 3802 τρισύλαβον
914 3729 948 3782 Α.
1020 3722 1142 3795 Ἁλαῖος
1161 3748 1215 3807 pro

50 3817 206 3888 Ἀλαιαΐος
227 3821 261 3877 V.
289 3823 369 3880 Haec
393 3822 487 3878 forma
507 3821 587 3876 cuius
609 3819 716 3875 nullum
738 3818 899 3895 exemplum
920 3829 1028 3887 exstat,
1048 3820 1086 3876 ad
1105 3814 1215 3878 Ἀλαία

56 3913 230 3980 revocanda,
251 3915 329 3989 quod
350 3921 403 3993 pro
418 3907 492 3988 Ἀλή
514 3913 570 3969 dici
591 3912 692 3989 potuit,
714 3920 744 3966 ut
761 3902 935 3985 Ἐρυθραία
954 3931 1008 3988 pro
1025 3904 1166 3985 Ἐρυθρά
1187 3923 1215 3971 et

55 4008 172 4064 similia.
194 4025 250 4064 nec
263 4001 385 4073 Ἀλαΐος
406 4006 444 4064 δε
466 4005 602 4062 Halamm
624 4003 684 4059 cive
705 3999 761 4056 dici
782 4003 906 4059 memini.
986 4005 1094 4063 14.15.
1111 4023 1214 4077 τετρα-

55 4093 222 4172 ουλλιίβως
247 4100 286 4166 R,
312 4093 563 4174 τετρασύλλαβον
584 4099 621 4164 Α,
645 4088 903 4168 τετρασσύλλαβα
922 4097 959 4153 V.
986 4097 1102 4164 lacuna,
1129 4115 1215 4172 quam

56 4195 189 4260 indicavi,
212 4194 250 4248 ita
266 4193 328 4250 sere
343 4191 507 4269 supplenda
521 4201 577 4248 est:
600 4183 660 4246 ἀπὸ
682 4182 716 4244 δὲ
727 4187 784 4242 τοῦ
797 4181 919 4255 Ἀλαΐας
936 4184 1053 4264 λέγεται
1068 4181 1214 4256 Ἁλαιεύς.

55 4291 102 4345 16.
122 4279 244 4343 ἴνδειάν
264 4301 341 4362 φησι
363 4284 418 4340 τοῦ
438 4285 467 4356 ἱ]
491 4285 511 4340 Ι.
533 4303 558 4340 ε.
577 4285 685 4338 Atticos
706 4280 814 4339 dixisse
827 4273 961 4348 Ἁλαεύς.
984 4283 1132 4357 utriusque
1153 4281 1214 4337 sm·-

54 4397 118 4436 moe
147 4377 284 4456 exempla
314 4377 498 4454 reperiuntur
527 4379 555 4432 in
585 4375 685 4432 titulis.
719 4374 814 4431 malim
845 4393 911 4432 vero
943 4371 1046 4430 ἐνδεῖν.
1078 4372 1116 4430 εί.
1143 4391 1166 4430 ι.
1189 4391 1214 4429 v.

55 4469 174 4544 mm.
255 4473 301 4528 17.
317 4463 459 4544 Φηγίως]
484 4467 661 4544 Φηγοῦντος
681 4465 717 4535 Η,
740 4461 901 4542 Φηγαιίως
921 4463 958 4524 0.
976 4465 1116 4586 Mpillerus
1130 4465 1214 4520 Attie.

975 4559 993 4615 5
