2888 5078
597 272 671 342 555
696 264 699 270 ’
767 309 775 322 =

141 447 310 532 Σάνινα,
334 449 436 531 πόλις
458 449 517 520 ἐπὶ
538 455 597 538 σῆς
611 445 779 538 Ἐρυθράς
797 445 984 536 θαλάσσης.
1020 448 1060 517 τό
1077 448 1214 518 ἐθνικόν

57 574 237 649 Σανιναῖος
260 565 306 649 ιός
327 573 626 648 Κιυνσεανιιναῖος.
671 563 743 635 ἀλλ’
766 565 885 653 ἐπειδή
907 569 955 653 τῷ
978 561 1025 646 εἰς
1047 567 1119 651 iffi
1138 566 1214 650 χαί-

54 713 152 780 ρουσι
172 684 277 777 τόπῳ,
301 685 429 774 γίνεται
449 683 635 774 Σανινίτης.

53 809 55 812 ’
141 803 352 894 Σαννίγαι,
376 803 479 886 ἔθνος
498 801 649 886 Σκυθίας
670 808 741 885 τοῖς
759 801 935 890 Ἀβασγοῖς
955 802 1213 891 παρακείμενον.

60 975 64 982 -
142 922 305 1005 Σάντις,
334 920 439 1005 πόλις
460 922 618 1014 Κελτική.
660 923 700 991 τό
728 921 867 992 ἐθνικόν
887 918 1047 1009 Σαυνίτης
1069 919 1116 1004 ὡς
1138 925 1239 992 Δι’-ε

55 1069 138 1123 πτις
161 1039 346 1130 Λεπτίνης.

13 1215 16 1226 ,
142 1157 358 1240 Σάντονες,
382 1156 486 1240 ἔθνος
506 1163 566 1249 τής
582 1156 802 1238 Ἀκνϊνανίας.

26 1269 27 1272 ¹
144 1275 335 1360 Σάξυνες,
359 1275 462 1372 ἔθνος
485 1276 596 1347 οἰκοῦν
619 1279 654 1347 ἕν
675 1282 716 1367 τῇ
738 1281 911 1368 Κιμβρικῇ
931 1273 1130 1368 χερρονήσῳ.

144 1394 264 1480 Σάος,
291 1391 401 1486 ήτῶν
422 1397 536 1466 Σαΐων
555 1383 665 1484 νῆσος.
707 1395 748 1464 τό
769 1395 907 1466 όθνικόν
927 1392 1043 1477 Σάιος.

144 1513 301 1598 Σάπαι,
338 1514 441 1598 ἔθνος
481 1510 621 1604 Θρᾴκης.
670 1513 824 1601 λέγονται
861 1516 899 1584 δὲ
934 1521 1122 1586 Σαπαῖοι
1159 1515 1256 1591 naim

59 1631 194 1704 Σάιοι.
238 1636 295 1702 καὶ
315 1633 354 1702 τό
377 1629 529 1720 κιητικόν
548 1629 725 1700 Σαπαῒκόν
745 1634 801 1702 καί
823 1631 992 1722 Σαπαὶκή.

145 1749 363 1839 Σάπειρες,
392 1747 495 1830 ἔθνος
508 1746 551 1852 ,ἓν
572 1752 614 1839 τῇ
634 1748 794 1842 μεσογείᾳ
814 1756 874 1841 τῆς
894 1753 1077 1840 Ποντικῆς,
1106 1746 1139 1820 ολ
1162 1753 1218 1817 νῦν

61 1872 121 1940 όιά
142 1876 203 1940 τοῦ
224 1878 247 1957 β
270 1867 443 1958 λεγόμενοι
465 1877 494 1935 Σ
500 1863 669 1957 άβειρες.

60 2079 262 2090 ’.ι-.-

61 2194 155 2263 λιον,
176 2195 232 2271 τῆς
254 2189 382 2278 Θρᾴκης
397 2186 591 2272 χερρονήσου
611 2190 707 2262 πόλις.
728 2187 846 2264 Αἶσα,
868 2191 955 2266 πόλις
977 2190 1106 2282 Θρᾴκης
1124 2216 1218 2275 προσ-

62 2282 133 2362 εχής
163 2286 201 2366 τῇ
226 2281 386 2366 Παλλήνη.
413 2281 584 2364 Αλσόμη,
611 2280 699 2355 πόλις
725 2281 861 2371 Θρᾴκης.
891 2282 1031 2368 Ἀρήτη
1053 2284 1220 2364 ...πόλις

62 2373 141 2454 πρὸς
152 2377 190 2457 τῇ
200 2375 351 2458 Παλλήνῃ
365 2375 502 2464 Θρᾴκης.
516 2375 624 2459 Ἄρνη
669 2422 676 2436 .
686 2379 743 2457 τῆς
754 2379 930 2460 Γρωυινίων
941 2383 997 2459 (sic
1008 2381 1079 2459 leg.)
1091 2379 1169 2459 πρὸς
1179 2383 1219 2462 τῇ

65 2463 187 2552 Θρᾴκη.
212 2469 237 2530 Β
244 2467 345 2549 ίρηη,
366 2467 454 2542 πόλις
470 2465 598 2556 Θρᾴκης
618 2467 696 2548 πρὸς
715 2473 754 2552 τῇ
765 2469 956 2554 χερρονήσῳ.
976 2469 1028 2534 Βί
1032 2493 1112 2552 ρης,
1132 2467 1221 2543 πόλις

66 2555 203 2644 Θρᾴκης.
219 2561 250 2622 Γ
252 2556 397 2640 ιγωνός,
414 2562 501 2635 πόλις
515 2559 643 2650 Θρᾴκης
657 2560 735 2646 πρὸς
750 2567 789 2644 τῇ
801 2559 961 2644 Παλλήνη.
979 2561 1030 2626 Θί
1033 2584 1051 2643 ρ
1056 2587 1120 2642 μη,
1134 2559 1221 2636 πόλις

66 2648 203 2737 Θρᾴκης,
218 2649 451 2734 Ἀπολλόδωρος
462 2655 495 2716 ιλί
510 2653 709 2724 Μακεδονίας
723 2655 810 2735 φησί.
824 2657 867 2716 Μ
871 2653 887 2714 ί
890 2654 933 2713 νιλ
938 2677 957 2734 η
963 2697 972 2725 ,
984 2648 1071 2726 πόλις
1084 2652 1221 2739 Θρᾴκης.

64 2747 108 2808 Μ
113 2741 249 2825 εθιόνη,
269 2741 357 2819 πόλις
372 2742 508 2831 Θρᾴκης.
528 2746 747 2826 Μίλκωρος,
763 2742 850 2818 πόλις
861 2743 1036 2826 Χολκιιλική
1051 2746 1083 2808 ἐν
1101 2744 1222 2832 Θρᾴκη.

61 2833 283 2920 Ὀλόφυξος,
310 2832 398 2909 πόλις
421 2840 453 2902 ίν
480 2834 591 2922 Θρᾴκη
617 2839 685 2918 περὶ
708 2838 763 2902 τόν
786 2834 884 2902 Ἄθω.
907 2833 1107 2910 Ὄλυνθος,
1135 2836 1224 2912 πόλις

67 2925 196 3013 Θρᾴκης
215 2925 292 3009 πρὸς
312 2933 350 3010 τῇ
368 2929 518 3016 Σιθωνίη.
539 2929 733 3010 Παλλήνη,
754 2927 841 3004 πόλις
853 2925 990 3016 Θρᾴκης.
1011 2930 1221 3005 Ποτίδαια,

64 3019 153 3094 πόλις
164 3015 301 3106 Θρᾴκης.
316 3023 346 3083 Σ
349 3020 475 3102 κιωνή,
496 3017 583 3093 πόλις
597 3019 733 3108 Θρᾴκης.
749 3024 779 3087 Σ
782 3023 880 3107 τράμ
886 3027 966 3101 βαι,
984 3021 1071 3096 πόλις
1083 3018 1222 3110 Θρᾴκης.

65 3115 230 3186 Σκῶλος,
256 3109 344 3186 πόλις
367 3115 425 3192 μία
445 3119 507 3178 τῶν
526 3115 558 3178 ἓν
580 3113 691 3202 Θρᾴκη
709 3120 921 3198 βαρβαρικῶν.
946 3111 1114 3194 Τορώνη,
1135 3115 1223 3190 πόλις

68 3203 206 3292 Θρᾴκης.
236 3201 435 3288 Τράηιλος,
461 3205 549 3280 πόλις
572 3209 630 3288 μία
658 3212 720 3269 τῶν
743 3209 792 3272 ἐπὶ
815 3206 1043 3294 Θρᾴκηςπρός
1062 3211 1101 3287 τῇ
1116 3229 1223 3286 χερριν·
1275 3217 1279 3224 “

65 3294 161 3381 νήσῳ.
185 3297 346 3380 Φλίγριι,
373 3295 461 3372 πόλις
483 3298 619 3388 Θρᾴκης.
640 3304 701 3362 fieri
722 3305 838 3380 quidem
859 3313 955 3383 potest
975 3314 1006 3364 ut
1025 3303 1125 3360 horum
1146 3321 1222 3362 nou·

67 3393 148 3451 ουλλο
167 3394 232 3452 aliis
252 3395 454 3472 scriptoribus,
481 3396 557 3455 velut
578 3399 713 3466 Cratero,
740 3398 916 3468 debeantur;
941 3407 970 3454 ελ
994 3396 1080 3472 louge
1099 3395 1224 3473 piurima

68 3487 137 3563 quin
150 3486 188 3542 ad
200 3487 375 3545 Hecataeum
388 3498 533 3548 auctorem
546 3487 700 3549 referenda
712 3490 778 3558 siut,
790 3509 847 3548 uon
857 3491 1030 3552 dubitamus.
1094 3484 1223 3546 Σοναῖοι

68 3570 111 3648 ὡς
122 3576 255 3636 Καναῖοι
268 3579 329 3653 (vel
340 3577 489 3658 Σαμαῖυι)
502 3581 542 3652 Μ,
562 3578 689 3658 Σηναῖσι
710 3574 752 3650 ὡς
766 3581 894 3642 Σαναῖοι
914 3582 989 3640 libri.
1068 3586 1096 3640 1.
1108 3577 1225 3640 Σανῖνα

67 3671 175 3738 malim,
197 3680 227 3726 ut
246 3669 478 3734 Κωνστωνιῖνιι.
595 3680 623 3738 2.
644 3675 689 3756 τῷ
709 3673 752 3744 είς
771 3675 838 3750 ῐΐηξ
857 3674 1045 3745 suniarius,
1064 3674 1109 3754 τῷ
1129 3672 1171 3744 είς
1189 3675 1227 3750 ἧς

68 3763 134 3831 RV,
153 3761 198 3843 τῷ
217 3763 254 3838 ἧς
273 3765 306 3823 Α.
408 3771 436 3826 3.
458 3763 620 3843 Σανινίεης
640 3767 676 3836 X,
696 3763 873 3843 Σανωνίτης
891 3767 925 3836 Α,
945 3763 1123 3843 Σωλωνίτης
1141 3768 1206 3825 RV.

68 3859 98 3914 4.
120 3848 248 3932 Σάνιγυιι
268 3857 304 3927 R,
325 3851 470 3936 Σάννιγιιι
492 3859 553 3917 AV.
631 3864 658 3918 5.
680 3854 797 3928 Σάντες
815 3860 852 3918 V.
930 3864 958 3919 7.
973 3852 1132 3926 Σάντωνες
1151 3858 1226 3916 libri.

20 3997 25 4006 .
62 3933 258 4017 Ἀκυῖτυινίας
276 3950 318 4018 Μ,
331 3943 530 4018 Ἀκυντανίας
548 3951 623 4019 libri,
642 3945 826 4022 Ἀκυτανιίις
845 3954 882 4012 Χ.
979 3958 1008 4012 8.
1030 3945 1172 4022 Σάξωνες
1190 3951 1226 4018 λλ,

68 4039 231 4120 Κιμβρικῇ
251 4043 287 4111 X,
307 4039 471 4121 Κεμβρικῇ
490 4043 526 4111 R,
546 4040 685 4122 Κεβρικῇ
706 4051 737 4103 Α.
836 4051 883 4106 10.
905 4041 953 4120 δέ]
973 4039 1044 4104 καλλ
1138 4036 1227 4102 Σάιοι

70 4135 108 4202 Η,
129 4131 231 4193 Σίπιοι
251 4135 327 4203 libri,
347 4126 458 4194 Σάπιοι
479 4135 514 4193 B.
612 4141 659 4194 12.
680 4130 842 4214 Σάπειρες]
862 4138 957 4214 Etym.
978 4139 1018 4197 λλλ.
1039 4157 1070 4215 p.
1090 4139 1156 4204 708,
1178 4139 1236 4194 λῦε

68 4219 229 4304 Σάπειρες,
250 4222 394 4285 ἐπίθετον
415 4229 487 4304 (λος.
500 4224 648 4306 ίθνικόν).
669 4223 810 4307 ήεόθεῖιι
824 4225 950 4311 Σάπειρ.
973 4231 1010 4292 de
1026 4229 1130 4289 ceteris
1144 4228 1228 4286 Ιιυλιιι

69 4321 192 4380 nominis
213 4320 315 4378 formis
335 4320 407 4378 ιλλκλλ
429 4321 641 4384 λ..λ)λοιλονίὶυι
662 4324 753 4384 Theu.
775 4325 809 4384 L.
832 4327 869 4384 G.
891 4345 915 4384 ι.
936 4343 961 4384 ι.
983 4316 1172 4400 Σάπηειρσς.
