2888 5084
650 299 720 376 181

105 472 141 544 δ’
166 476 225 546 ἐπὶ
244 481 305 545 τοῦ
325 483 432 562 μυχοῦ
450 475 578 562 Ῥίζονα
600 480 703 550 πόλιν
729 484 786 552 καὶ
812 461 966 569 ποταμὸν
996 482 1182 572 ὁμιδνυμον.
1225 489 1265 558 τδ

102 591 244 664 ἓίίνικδν
265 601 477 676 Βουδοαῖος.

188 711 459 804 Βουθριυτός,
493 719 594 803 νῆσος
624 719 703 808 περὶ
732 719 916 810 Κέρκυραν.
960 719 1032 790 ἔστι
1064 725 1121 791 καί
1150 722 1263 807 πόλις.

100 831 233 924 ἐκλήθη
254 831 289 903 δ’
314 831 347 901 oi
367 834 430 919 μέν
451 857 558 923 φασιν
580 832 733 906 ἀπὸτοῦ
755 836 919 920 οἰκιστοῦ,
942 837 975 908 oi
997 841 1035 908 δὲ
1054 840 1264 926 μυθεύονται

101 951 154 1022 ὅτι
187 951 331 1046 «Ἑλένῳ
357 954 392 1022 ἐκ
419 951 541 1043 Τροίης
568 952 716 1024 πλοίοισι
744 953 796 1026 ἐπ’
820 953 977 1049 ἑσπέρην,
1005 956 1151 1029 θύσαντι
1172 957 1286 1030 ἀπο-ι

99 1070 247 1162 βατήρια
281 1073 315 1142 ἐν
345 1068 497 1163 Ἠπείρῳ
530 1071 584 1160 [τδ
612 1074 724 1162 θῦμα]
757 1070 778 1164 ἡ
811 1081 893 1161 βοίς
926 1073 1107 1165 ἀποδρᾶσα
1140 1077 1176 1146 ἐκ
1203 1084 1264 1147 τοῦ

99 1194 295 1282 βουπλῆγος
324 1185 426 1281 ᾤχετο
456 1189 639 1281 φεύγουσα.
654 1193 713 1261 διδ
741 1199 803 1262 τοῦ
829 1194 954 1277 μεταξδ
981 1193 1108 1264 πόντου
1140 1197 1174 1277 λς
1205 1198 1264 1268 τδν

99 1306 231 1379 κόλπον
259 1310 315 1379 καί
345 1309 380 1392 ἐς
413 1309 473 1397 τήν
503 1310 622 1401 χέρσον
654 1311 786 1396 ἐμβᾶσα
817 1313 889 1390 (καί
920 1313 982 1402 γάρ
1011 1319 1127 1406 τρῶμα
1157 1315 1193 1384 iv
1220 1322 1263 1407 τῇ

101 1433 199 1520 δειρῇ
221 1421 324 1516 εἶχεν)
352 1422 456 1495 αὐτοῦ
479 1420 580 1517 ἤριπε
602 1431 660 1497 καὶ
680 1427 803 1511 ἔθανε,
832 1431 889 1498 καί
914 1429 1068 1520 κλεηδόνι
1090 1430 1261 1514 δἛλενος

98 1547 248 1637 χρίεται,
274 1545 330 1614 ἵνα
357 1543 460 1634 ἔθηκε
480 1549 683 1636 Βουτροιτδν
709 1543 859 1631 οίίνομα”
892 1547 937 1630 δίς
964 1575 1048 1639 φησι
1074 1556 1218 1642 Τεῦκρος
1240 1549 1299 1620 διο

100 1660 298 1753 Κυζικηνός.
341 1661 381 1731 τὸ
409 1663 547 1734 ἕδνιιιδν
569 1663 807 1758 Βουδριδτιος.
853 1666 1013 1748 Λέπιδος
1036 1670 1073 1738 δέ
1096 1695 1181 1760 φησι
1201 1673 1260 1740 διδ

100 1789 161 1855 τοῦ
182 1791 202 1850 ἱ
222 1779 449 1873 Βουτροίτιος.

187 1898 500 1992 Βουκεφάλεια,
535 1900 637 1984 πόλις
666 1904 724 1972 ἐπὶ
750 1909 798 1993 τῷ
827 1902 1040 1996 Βοιικεῳάλῳ
1072 1905 1186 1994 ἵππῳ,
1220 1887 1261 1994 ἣν

101 2023 229 2096 ἔκτισεν
251 2018 472 2110 Ἀλέξανδρος
500 2022 535 2090 δν
559 2019 661 2115 Ἰνδίᾳ
688 2023 781 2110 παρά
809 2024 869 2091 τόν
891 2021 1066 2113 Ὑδάσπην
1092 2022 1257 2109 ποταμόν.

102 2142 173 2214 ἔστι
189 2143 247 2210 καί
263 2136 538 2230 Βουκεφάλας
559 2140 660 2231 λιμὴν
680 2148 739 2234 τῆς
757 2139 916 2233 Ἀττικῆς.
950 2143 990 2212 τδ
1012 2142 1149 2212 δίκαιόν
1165 2146 1257 2212 Βου-
1272 2159 1298 2210 ιε’

101 2267 299 2355 κεῳαλῐται·
325 2255 411 2328 οἷ’σιυ
434 2259 495 2348 γάρ
517 2260 702 2349 καὶδῆμος
725 2260 979 2352 Θεσσαλονίκης.

99 2389 327 2498 [Tl’dffln.
348 2426 388 2482 ita
408 2425 486 2482 iubet
505 2423 710 2500 Theognostns
732 2425 805 2484 Can.
826 2447 855 2504 p.
877 2432 925 2495 33,
946 2432 992 2486 11.
1107 2432 1136 2484 3.
1152 2419 1258 2503 χερρό-

100 2535 195 2595 νησος
218 2519 259 2586 Χ,
289 2519 384 2575 inutili
411 2518 584 2575 coniectura.
618 2517 682 2575 vide
710 2518 747 2574 nd
772 2519 887 2593 Scynnn.
915 2539 945 2597 p.
966 2525 1003 2577 2³
1029 2528 1058 2576 et
1084 2523 1150 2576 133.
1180 2517 1258 2574 adde

100 2621 229 2670 nostrum
249 2611 277 2667 in
291 2602 491 2688 Ἀμάρυνθος
510 2601 668 2676 εῒΚαινδς
683 2604 912 2685 ε111ροκόλειον
928 2610 1050 2687 aliisque
1070 2611 1152 2668 loeis.
1173 2607 1257 2666 huius

100 2725 171 2763 usus
192 2705 256 2781 ipse
275 2703 423 2760 immemor
441 2701 494 2758 suit
515 2701 680 2780 Stephanus
701 2721 724 2759 ε.
738 2720 762 2759 ν.
779 2694 920 2777 Φάσηλις
935 2703 1130 2760 Herodianum
1150 2702 1256 2758 mirans

101 2799 150 2875 qui
176 2815 250 2854 unus
275 2795 400 2852 omnium
425 2793 581 2852 Phaselida
607 2793 701 2867 νῆσον
727 2794 840 2852 dixerit.
873 2795 1011 2851 Amastris
1036 2794 1130 2851 insula
1154 2792 1258 2848 dicitur

101 2893 131 2947 in
151 2889 217 2946 iure
239 2889 454 2948 Graeco-Rom.
476 2886 523 2945 ed.
543 2887 663 2945 Leuncl.
689 2907 719 2966 p.
740 2890 805 2944 300.
832 2887 898 2943 item
918 2886 1156 2965 Alopeconnesus
1177 2885 1257 2964 apud

99 2983 196 3058 Etym.
208 2983 250 3041 Μ.
269 3001 299 3059 p.
310 2983 359 3050 75,
371 2985 398 3038 1.
419 2980 498 3056 quod
518 2982 646 3059 ineptum
663 2979 813 3038 videbatur
826 2979 986 3038 Hoistenio.
1064 2975 1133 3058 περὶ
1152 2999 1208 3038 om.
1219 2977 1257 3035 V.

101 3081 130 3135 5.
150 3065 197 3134 ότι
218 3073 288 3133 add.
309 3069 413 3130 HRV.
524 3073 640 3150 Τροίας
660 3073 734 3142 libri,
754 3072 831 3148 quod
852 3074 964 3129 correxi
985 3094 1048 3132 cnm
1069 3073 1164 3131 omnin
1183 3072 1257 3129 haee

102 3171 210 3226 Teucri
232 3169 318 3225 verba
337 3167 403 3223 sint.
502 3157 633 3224 πλοίοντι
653 3168 688 3235 R,
709 3159 828 3222 πλίοντι
848 3163 910 3220 AV.
1004 3158 1049 3222 ἐπ’
1070 3157 1202 3237 ἕσπέρην
1220 3162 1257 3229 R,

101 3257 134 3328 ίς
152 3253 286 3334 ἕσπέρην
304 3259 365 3315 AV.
443 3262 471 3317 5.
480 3261 509 3315 6.
530 3250 744 3335 ἀποβατήριον
763 3256 827 3314 RV.
905 3261 934 3314 6.
954 3251 989 3315 τὸ
1010 3255 1101 3328 δόμα
1121 3254 1236 3310 seclusi.

100 3344 312 3428 ἀποδράσασα
332 3351 406 3408 iibri.
505 3344 600 3408 δπίκλ
707 3354 735 3410 8.
757 3344 799 3418 είς
819 3349 892 3406 iibri.
993 3339 1181 3424 χερόννησον
1199 3346 1235 3403 R.

100 3440 242 3518 ίκβιῖσαί
329 3449 357 3503 9.
378 3439 471 3521 είριπε
491 3443 527 3502 R.
610 3437 721 3501 ἴθυνεν
739 3445 775 3501 R.
860 3435 997 3519 κλεηδόνι
1018 3442 1057 3509 Μ,
1078 3429 1201 3512 κληδόνι
1223 3439 1256 3504 λ,

99 3528 275 3612 κλεηδόνιος
288 3536 325 3604 V,
346 3528 525 3603 κλειδόνιίλ,
546 3525 705 3610 κληδόνιος
715 3533 759 3592 Π.
837 3529 943 3595 δοδδ.
955 3536 990 3593 R.
1070 3539 1116 3592 10.
1132 3524 1256 3609 χρίεται
1356 3533 1381 3566 “·

99 3629 170 3696 RV,
194 3628 310 3704 χρῆται
328 3631 363 3686 Α.
393 3628 518 3685 sonasse
539 3618 704 3703 χρεόμενος
730 3625 832 3700 [κτίζει
858 3623 946 3685 πόλιν
965 3629 1016 3708 τῇ]
1043 3622 1150 3702 ἔθηκε,
1177 3623 1256 3698 qnod

99 3722 194 3778 firmat
215 3723 264 3796 qui
283 3719 312 3777 Τ
313 3722 391 3778 eueni
412 3724 560 3780 verborum
581 3721 752 3778 sententiam
773 3721 900 3778 reddidit
919 3723 1014 3797 Etyin.
1030 3721 1069 3778 M.
1084 3739 1113 3796 p.
1125 3722 1190 3784 210,
1203 3719 1255 3773 22:

99 3804 289 3890 Βουτριιιτός
312 3805 332 3888 ἢ
357 3805 566 3888 Βουθριιιτός,
599 3807 686 3879 πόλις
708 3805 872 3888 Ἠπείρου,
903 3803 945 3880 ὥς
973 3831 1049 3890 ηησι
1078 3810 1214 3883 Τεῦκρος
1239 3799 1256 3864 ὅ

99 3896 281 3980 Κυζικηνός.
314 3895 361 3963 ὅτι
380 3900 503 3963 Ἓλίνου
529 3903 561 3964 ix
581 3904 637 3981 τῆς
656 3901 806 3980 πατρίδος
825 3903 867 3971 είς
886 3899 942 3980 τὴν
959 3896 1109 3978 Ἤπειρον
1128 3917 1258 3977 παραγε·

101 3993 229 4073 νομίνου
255 3991 390 4065 θύοντος
415 3993 449 4054 δι’
473 3992 658 4074 ε’πιβατήρια
680 3989 906 4072 (ἀποβατήρια)
932 3989 951 4072 ἡ
975 3995 1053 4070 βοῦς
1077 3987 1114 4051 οδ
1134 3988 1258 4070 καιρίαν

100 4090 243 4164 λαβοῦσα
266 4086 365 4166 τομὴν
390 4083 492 4170 ῳεόγει
517 4089 568 4149 καί
595 4084 709 4147 κόλπον
727 4085 801 4145 τινά
815 4089 870 4164 τῆς
887 4082 1033 4162 Ἠπείρου
1054 4082 1258 4159 διανηξαμένη
1364 4083 1366 4088 ’

100 4179 143 4250 είς
161 4181 218 4258 γῆν
234 4175 397 4256 ίξίρχεται.
418 4179 468 4240 καί
486 4181 705 4240 καταπεσοῦσα
719 4174 884 4248 ἀπίθανεν,
905 4173 921 4238 δ
935 4175 968 4237 δὲ
976 4169 1098 4244 Ἕλενος
1110 4167 1258 4254 συμβόλῳ

101 4272 178 4354 θείῳ
200 4267 398 4350 χρησάμενος
422 4270 511 4346 κτίζει
536 4267 624 4330 πόλιν
643 4271 694 4330 καί
716 4269 777 4332 ἀπὸ
797 4273 854 4331 τοῦ
874 4265 1052 4346 συμβάντος
1072 4262 1259 4346 Βουτριυτδν

102 4361 199 4442 αὐτὴν
212 4359 381 4441 ὠνόμασεν.
460 4361 648 4443 Βουτριυτδν
662 4360 780 4442 οὕνομα
794 4369 833 4437 Μ,
854 4359 1047 4439 Βουθρωτὸν
1066 4355 1164 4436 ὄνομα
1184 4362 1259 4418 iibri.

102 4463 150 4520 14.
167 4454 322 4518 Ὕδάσπιν
340 4460 377 4519 R.
472 4465 519 4518 15.
541 4456 779 4538 Βοακεηαλαίας
799 4461 834 4518 R.
854 4456 1040 4532 Bucephalus
1060 4464 1160 4533 portus
1181 4452 1260 4531 apud
