2866 5092
610 269 661 345 58

138 453 181 519 Α
186 445 363 532 ἰόλειον,
390 453 449 539 τῆς
473 445 604 542 Θρᾴκης
627 449 828 544 χερρονήσου
851 450 964 536 πόλις.
1010 449 1218 537 Θεόπομπος

51 569 87 638 ἰν
114 571 337 637 Φιλιππικῶν
359 565 492 659 εἰκοστῇ
512 567 605 660 τρίτῃ
635 570 834 666 κέιιορεύθη
857 571 904 656 εἰς
925 571 1029 642 πόλιν
1049 565 1216 642 Αἰόλειον

49 693 110 777 τῆς
127 685 282 777 Ἀττικῆς
301 687 363 771 μέν
386 679 504 768 οὖσαν,
536 691 797 780 πολιτευομένην
826 693 865 761 δὲ
890 692 974 777 μετὰ
995 696 1061 759 τῶν
1081 693 1213 759 Χαλκι-

53 803 176 876 όέων”.
209 807 249 875 τό
273 805 412 874 ἐθνικόν
425 803 592 889 Αἰόλειος
613 804 660 888 ὡς
675 805 844 892 Ῥοίτειος,
867 811 925 878 καὶ
938 807 1119 899 Αἰολήιος.
1153 806 1212 880 δύ-

54 951 150 994 ναται
182 927 221 996 δὲ
248 929 349 994 τοῦτο
378 926 435 994 καί
465 922 535 996 ιίπό
566 933 626 996 τού
655 925 805 1009 Αἰολεύς
835 923 938 1012 εἰναι,
975 929 1059 998 ὅθεν
1090 930 1147 998 καὶ
1173 930 1238 1000 τόν

55 1042 233 1129 Αἰόλειον,
263 1044 348 1115 ὥστε
375 1044 504 1134 γενικόν
527 1040 614 1115 εἰναι
635 1052 696 1116 τοῦ
718 1045 841 1131 ἔθνους
861 1049 918 1117 καί
940 1027 1048 1116 ἰόικόν
1067 1052 1126 1139 τῆς
1146 1045 1212 1118 πό-
1278 1125 1280 1130 ,

57 1167 150 1247 λεως,
182 1161 229 1247 ὡς
256 1161 276 1234 ό
304 1160 494 1257 ἠπειρώτης
520 1167 578 1235 καί
604 1161 623 1235 ό
651 1163 791 1249 πόντιος
815 1173 882 1236 τῶν
909 1173 1046 1258 γενικῶν
1068 1168 1214 1237 καὶτῶν

58 1279 179 1352 fletur.

137 1399 311 1485 Αἰολέα,
334 1409 435 1494 νῆσος
456 1401 602 1474 Αἰόλου.
634 1403 780 1499 ’Όμηρος
803 1404 976 1501 ι,Αἰολίην
998 1404 1031 1477 cl'
1056 1407 1090 1488 ές
1112 1387 1212 1497 νῆσον

58 1518 291 1613 όφικόμεθα”.
336 1521 370 1593 οἰ
396 1523 552 1614 νεώτεροι
578 1526 617 1594 τό
647 1513 784 1596 έθνικόν
807 1526 932 1613 ὁμοίως
952 1527 1009 1595 καί
1031 1523 1211 1617 ὁμόφωνον
1225 1559 1251 1598 10

58 1647 99 1732 τῷ
120 1640 267 1734 οἰκιστῇ,
296 1639 342 1726 ιύς
367 1642 534 1727 Θετταλός
552 1643 691 1728 ’[ταλός.
732 1644 820 1716 <illu
847 1648 903 1715 καί
924 1643 1134 1735 Αἰολιιύτης,
1166 1643 1211 1728 ὡς

59 1758 265 1850 Σικελιώτης.
310 1745 464 1851 λέγονται
490 1767 547 1834 καί
575 1763 608 1834 oi
634 1767 695 1855 τῆν
715 1766 855 1852 Λέσβον
884 1763 1050 1845 οἰκοῦντες
1070 1761 1213 1844 Αἰολεῖς
1264 1785 1267 1790 ‘

59 1876 122 1952 όπὸ
144 1886 212 1950 τῶν
232 1877 371 1951 Αἰόλου
392 1880 539 1967 παίδων,
570 1880 615 1966 ὥς
637 1890 781 1974 Δωριεῖς
802 1881 873 1954 ἀπό
895 1886 962 1952 τῶν
983 1880 1121 1973 Δώρου·
1150 1875 1209 1973 ἀφ’

59 1990 100 2066 όν
119 1995 140 2091 ῆ
161 1997 313 2091 Αἰολικῆ
337 1997 491 2071 ιίποικία.
536 2001 574 2072 οἳ
591 2005 648 2072 καὶ
668 2002 859 2085 Αἰολίωνος
882 1999 1114 2088 ὀνομάζονται.

136 2117 319 2204 Αἴπεια,
344 2119 446 2202 πόλις
467 2129 679 2214 Λακωνικῆς,
703 2121 749 2205 ιός
771 2125 907 2194 Ζέλεια.
945 2120 1073 2218 ακαλήν
1093 2118 1120 2191 τ’
1137 2119 1210 2192 Αἰ-
1224 2153 1249 2193 ιε

60 2263 154 2308 πειαν
175 2241 233 2308 καί
249 2235 448 2331 Πήδασον”.
482 2239 553 2312 ἔστι
574 2243 630 2312 καί
652 2240 748 2335 ἑτέρα
772 2241 923 2335 Κύπρου.
954 2242 1046 2335 τρίτη
1069 2237 1210 2334 Κρήτης,

59 2354 314 2443 ύςἝλλοίνικος.
343 2361 383 2430 τό
399 2358 536 2431 ἰθνικὸν
550 2360 738 2453 Αἰπεύτης,
755 2359 801 2445 ὡς
817 2361 1210 2455 ΚορσεύτηςὙόρεύτης.

58 2479 109 2549 lui
131 2481 170 2550 όὲ
192 2465 259 2548 τῶν
279 2477 443 2549 τοιούτων
463 2479 569 2550 ἐνίοτε
596 2483 754 2567 μένοντος
780 2487 839 2551 τοῦ
860 2490 877 2551 ῖ
897 2481 1093 2575 ὑφαιρεῖται
1117 2483 1157 2552 τό
1181 2483 1211 2564 ἆ,

56 2771 79 2824 1.
99 2755 259 2838 Αἰόλιιον]
284 2765 349 2821 Ηοε
368 2773 472 2823 tmema
491 2767 577 2844 vulgo
598 2767 731 2843 sequenti
752 2766 872 2823 sectioni
892 2765 1089 2845 postponitur3
1116 2783 1212 2822 verum

54 2859 182 2916 ordinem
208 2858 319 2915 restitui
345 2877 382 2916 ex
407 2855 557 2919 APHRV.
587 2848 720 2920 Αἰόλίον
743 2859 780 2926 R,
810 2852 948 2917 Αἰιύλιον
974 2857 1052 2928 HV,
1080 2851 1212 2916 Αἰόλιον

53 2953 112 3009 AV.
194 2941 323 3031 Θρᾴκης
338 2944 542 3029 χερρονήσου]
565 2954 721 3011 Thraciam
742 2952 955 3024 chersonesum,
976 2963 1006 3010 ut
1026 2954 1096 3011 alibi
1118 2949 1158 3029 (r.
1173 2951 1211 3008 ad

53 3039 165 3120 Σάνη),
185 3043 225 3100 ita
241 3052 269 3100 el
282 3041 330 3100 hic
346 3064 406 3102 uon
421 3045 477 3102 dici
498 3065 561 3104 eam
583 3067 658 3123 quae
678 3047 795 3126 proprie
815 3047 988 3126 appellatur,
1008 3055 1038 3105 et
1058 3048 1138 3103 cuiun
1159 3063 1211 3104 ex·

53 3149 172 3196 ueniam
192 3136 317 3194 frontem
337 3137 449 3195 Plinius
470 3139 536 3196 NH.
558 3141 646 3211 4,11
675 3141 805 3198 Aeolium
831 3148 960 3196 vocatam
981 3157 1047 3195 esse
1068 3138 1151 3206 dicit,
1176 3151 1212 3194 ex

53 3231 240 3310 Theopompi
270 3232 364 3288 verbis
394 3231 576 3308 intelligitur,
608 3234 637 3290 in
669 3235 772 3311 quibus
804 3251 879 3309 quae
908 3238 1083 3289 memoratur
1113 3229 1211 3286 civitas

53 3325 184 3382 Aeolium
210 3324 240 3379 in
260 3321 430 3380 Chalcidica
456 3326 611 3403 peninsula
634 3327 733 3386 eluere
754 3326 856 3383 vicinia
877 3325 960 3382 sitam
981 3323 1072 3381 luisse
1092 3339 1212 3380 necesse

53 3429 106 3476 eet.
127 3427 158 3474 at
178 3415 303 3475 sortasse
324 3417 469 3474 mutilatus
490 3427 533 3475 ent
553 3418 634 3476 locus
660 3421 748 3478 etita
769 3418 1023 3496 redintegrandus:
1051 3413 1107 3491 τῆς
1129 3404 1211 3494 Θρή-

53 3531 107 3587 κης
128 3505 338 3591 (Θρηικικῆςλ)
355 3501 547 3589 χερρονήσου
569 3512 686 3589 [μοῖρα.
706 3507 772 3571 ἔστι
792 3507 857 3586 καί]
878 3505 974 3580 πόλις.
1053 3514 1081 3568 2.
1105 3505 1211 3564 Φιλιπ-

54 3604 204 3674 πικοΐςΚ.
283 3595 438 3680 ἐπορεύθη
458 3603 497 3672 Μ,
518 3595 691 3681 ἐπορεύθην
710 3605 784 3664 libri.
863 3597 1007 3663 Αἰόλειον
1026 3603 1062 3672 V,
1082 3592 1212 3660 Αἰόλιον

53 3701 111 3756 AR.
192 3702 221 3756 3.
238 3695 294 3772 τῆς
305 3690 459 3771 Ἀττικῆς]
480 3693 536 3770 τῆς
550 3693 702 3772 Βοττικῆς
717 3700 894 3778 suspicabar,
915 3715 1012 3754 errore
1025 3694 1103 3752 haud
1119 3693 1209 3751 infre·

54 3793 163 3868 quenti.
183 3810 211 3848 r.
233 3791 316 3849 Corn.
337 3807 432 3866 graec.
453 3788 510 3846 vol.
531 3791 550 3844 2
569 3808 599 3866 p.
620 3790 687 3846 436.
765 3795 794 3850 4.
814 3783 943 3856 Αἰόλιος
961 3777 1126 3864 ῆῬοίτιος
1144 3787 1181 3844 R.

55 3889 81 3943 ⁵.
101 3877 165 3942 ιίπό
185 3882 243 3940 τοῦ
263 3884 366 3940 abesse
385 3881 492 3938 malim.
590 3883 619 3940 5.
630 3885 658 3940 6.
680 3879 714 3942 τὸ
734 3877 864 3941 Αἰόλιον
882 3882 919 3941 R.
998 3885 1045 3948 ,9.
1061 3869 1212 3955 Ὅμηρος]

56 3977 112 4037 Od.
134 3981 182 4046 10,
203 3980 231 4033 1.
323 3979 370 4033 10.
391 3968 421 4031 οἰ
440 3966 579 4052 νεοίτιροι
601 3974 669 4032 add.
690 3974 839 4055 PpIIRV,
860 3995 916 4035 nm.
937 3976 971 4032 A.
1070 3976 1116 4030 11.
1136 3968 1212 4029 Alu-

57 4062 164 4144 λιιύτης
184 4067 221 4138 Β,
240 4060 421 4142 Αἰολειύτης
439 4067 514 4124 libri.
606 4065 652 4125 14.
672 4062 692 4145 ῆ
711 4064 843 4144 Αἰολικὴ
865 4061 990 4125 ιίποικία
1010 4061 1160 4143 PpHRV,
1180 4055 1214 4118 ui

57 4157 202 4219 Αἰολικαί
223 4153 363 4218 ιίποικίαι
382 4161 416 4217 A.
493 4151 664 4229 Αἰολίωνες
683 4162 719 4230 ll,
743 4157 895 4229 Αἰλίωνες
913 4157 1014 4217 Anv.
1094 4157 1141 4216 15.
1162 4174 1212 4212 κα·

59 4248 122 4330 λήν]
137 4255 290 4323 11.9,152.
371 4255 417 4311 16.
429 4245 495 4311 iim
509 4249 561 4312 καλ
575 4243 663 4330 ἑτέρα
676 4245 808 4332 Κύπρου
821 4252 988 4310 Euntothiuu
1002 4250 1041 4309 ad
1053 4250 1139 4306 Hom.
1152 4246 1172 4304 l.
1183 4247 1213 4316 1.,

59 4339 134 4406 οὕτω
158 4345 211 4406 καὶ
236 4341 257 4424 ἦ
278 4340 410 4424 Κύπρου
431 4339 574 4423 (Κύπρος
593 4347 660 4422 PV)
680 4347 755 4405 libri.
874 4350 921 4404 17.
941 4333 1109 4423 Ὑδριιίτης
1127 4339 1164 4397 V.

60 4445 101 4502 18.
121 4435 301 4523 ὑφαιρεῖται
321 4438 385 4509 RV,
410 4431 588 4520 ripatorium
607 4440 642 4496 A.
