2866 5092
626 317 735 371 .1'

104 485 265 576 librorum
291 485 461 558 lectiones
488 483 669 574 allevisse,·.
683 484 749 564 sed
776 503 857 560 snas
878 505 1026 584 *quoque
1047 489 1154 592 ipsius
1175 509 1260 558 con·
1309 493 1313 530 ³

105 613 248 684 lecturas
276 613 505 708 adscripsisse
531 614 611 686 mibi
637 593 810 708 persuasi,
837 638 924 710 quas
948 593 1074 716 cuma
1100 615 1260 688 codicum

104 741 233 812 illorum
259 727 462 813 lectionibus
490 751 584 814 certa
610 751 692 815 nota
717 761 787 814 non
810 743 1027 829 distinxisset,
1054 745 1134 837 plns'
1151 745 1259 815 semel
1349 837 1354 846 Ι

104 869 295 940 llolstenius
328 891 396 963 pro
429 861 586 940 Palatinis
618 871 822 944 lectionibus
860 873 1054 944 venditavit.
1106 851 1260 942 ceterum

105 995 196 1066 libais
219 997 285 1068 dtis
313 998 395 1090 quid
422 998 555 1070 lactum«
574 999 616 1068 sit
648 999 705 1070 rel
735 999 795 1070 nbi
811 1045 813 1048 -
827 1005 993 1070 terrarum
1023 1001 1150 1072 lateant
1166 997 1260 1082 ,mtht

105 1113 353 1218 incompertam
387 1133 455 1209 est;
486 1125 519 1194 in
553 1125 714 1198 Vaticana
745 1125 952 1200 bibliotheca
984 1128 1108 1198 trustra
1141 1128 1260 1220 quaeri
1388 1175 1401 1196 .

104 1251 261 1323 indicavit
292 1252 372 1322 mihi
404 1255 461 1347 qni
490 1253 631 1324 multam
663 1256 705 1325 iis
743 1253 989 1350 investigandis
1021 1261 1164 1350 operam
1192 1255 1259 1324 im-

105 1376 220 1470 pendit
245 1379 381 1450 Emilins
407 1381 571 1450 Brennus.

191 1507 243 1578 De
277 1507 428 1579 virorum
461 1505 643 1580 doctorum
676 1507 896 1592 coniecturis
938 1527 1092 1600 quarum.
1120 1506 1260 1600 quidem

106 1630 207 1704 sedes
227 1633 310 1704 nob
330 1633 485 1720 indicavi,
512 1635 563 1706 sic
576 1633 725 1706 ⁴habeto.
764 1631 1019 1716 Dindorfiornm
1046 1605 1260 1706 emendatio-

106 1779 165 1829 nes
190 1761 274 1854 petii
300 1781 346 1831 ex
369 1759 532 1834 thesauro
559 1763 695 1855 linguae
722 1781 871 1853 graecae
891 1759 1052 1846 Parisino,
1081 1760 1261 1832 Scbubarti
1287 1809 1290 1818 ·

108 1907 149 1958 ex
171 1889 432 1960 Zimmermanni
459 1899 493 1960 et
518 1888 656 1981 Rergkii
681 1889 857 1978 annalibus
891 1887 1092 1981 antiquitatis
1124 1889 1262 1961 studio-¹

108 2037 176 2088 mm
202 2036 231 2086 ιι
262 2016 352 2087 tarr
386 2037 417 2085 ι,
449 2001 659 2086 rat-tat
689 2024 723 2086 a
749 2035 778 2088 a
810 2017 906 2086 tata
933 2037 964 2086 ι.
992 1993 1259 2103 ιε’-ειπε-

108 2143 221 2236 n'ngae
248 2149 283 2214 et
308 2141 445 2228 Gnvelii,
471 2139 793 2214 Hemsterhnsianae
819 2141 1019 2236 disciplinae
1044 2131 1184 2231 alumni,
1212 2165 1258 2218 ex
1359 2185 1362 2190 ·

109 2269 403 2344 obseruationibus
441 2269 671 2362 miscellaneis
707 2271 822 2358 nouis,
854 2269 1031 2362 deniqne.
1057 2265 1174 2342 Milleri
1212 2293 1258 2344 ex
1341 2305 1344 2310 ·

109 2397 228 2469 Gallico
255 2397 364 2470 diario
392 2419 496 2492 supra
526 2385 732 2470 memorato.
781 2419 826 2470 ex
855 2395 909 2468 his
933 2399 1105 2490 Heringae
1132 2407 1166 2470 et
1191 2399 1257 2472 Ga—

103 2527 179 2604 ¹retii
199 2525 438 2598 anmtationes
460 2525 530 2596 non
550 2517 755 2620 nisiibdea
775 2525 913 2595 nomine
928 2517 1076 2615 Ἐλιμία
1091 2525 1256 2616 adhibere

107 2653 199 2740 timia,
226 2673 373 2747 prorum
399 2651 443 2724 ad
464 2653 616 2747 priorem
635 2629 1081 2746 partememendattontom
1101 2637 1147 2724 ne'
1166 2655 1258 2726 iram
1343 2645 1345 2650 ’

107 2779 224 2854 dentur
249 2781 421 2866 lectores·
437 2781 547 2852 altero
574 2779 748 2852 volumine
775 2777 960 2850 cavebitur.
1092 2817 1093 2822 ι
1320 2763 1323 2768 ’

188 2911 249 2980 llis
279 2909 393 3000 igitar·
411 2907 572 2980 subsidiis
610 2909 822 3000 aliorumque
861 2905 1055 2978 criticorum
1094 2910 1260 2984 emenda

105 3037 248 3108 ionibm
268 3036 326 3120 ¹ita
358 3057 441 3106 usus
475 3055 565 3122 snm,
597 3044 634 3106 nt
658 3034 779 3108 Aldina
814 3033 1015 3125 exemplari,
1048 3026 1259 3128 aquo'nisi

105 3166 229 3236 monito
266 3163 398 3234 lectore
436 3183 609 3256 nunqnam
647 3162 728 3233 mihi
771 3157 1020 3268 discedendum
1060 3163 1282 3262 existimavi,

105 3311 226 3360 noram
252 3289 494 3362 recensionem
521 3285 803 3387 superstruerem.
839 3271 870 3366 J

191 3417 288 3502 Quos
313 3418 348 3488 in
375 3417 471 3488 calce
496 3419 571 3490 libri
598 3417 710 3489 adieci
735 3391 882 3501 indicae,
917 3435 1037 3486 eorum
1065 3415 1165 3502 alter,
1201 3415 1260 3507 qui

105 3565 217 3616 rernm
250 3544 356 3616 index
389 3553 457 3631 est,
491 3567 533 3618 ea
559 3545 734 3618 dumtaxat
760 3541 1011 3634 complectitur,
1046 3562 1136 3636 quae
1161 3543 1266 3645 locu--

105 3673 291 3764 pletissimo
319 3671 481 3766 Stephani
514 3693 623 3766 opere
657 3680 754 3742 extra
786 3669 959 3740 nominum
992 3667 1117 3739 seriem
1150 3670 1260 3740 conti-

105 3809 238 3884 nentum
279 3799 378 3870 omisi
414 3807 529 3870 tamen
562 3797 618 3868 vel
650 3820 730 3870 raro
763 3805 890 3868 tantam
923 3795 1014 3886 attigi
1048 3793 1260 3892 ethnicorum
1370 3863 1389 3892 ,

106 3949 269 4013 mannes,
298 3927 343 3998 de
373 3927 496 4022 quibus
523 3927 713 4019 singulatim
740 3921 971 4018 explicabitur.

190 4047 339 4125 Alterum
366 4054 544 4139 volumen,
571 4053 668 4148 qrnod
693 4061 832 4146 praeter
858 4051 1005 4122 selectas
1032 4057 1067 4118 et
1093 4047 1139 4118 ad
1164 4048 1263 4118 mini·
1351 4061 1366 4092 ·

106 4201 192 4254 mam
219 4183 272 4254 sui
298 4190 432 4277 partem
458 4179 617 4252 redactas
643 4179 796 4274 priorum
824 4177 993 4248 editorum
1012 4174 1260 4246 adnotationes

104 4319 241 4382 nostros
269 4309 456 4382 continebit
483 4309 764 4394 commentarios,
797 4317 833 4377 ut
858 4301 1018 4400 proximo
1047 4323 1137 4372 anno
1165 4300 1262 4370 emit

105 4445 198 4524 tatur,
225 4439 347 4532 siper
372 4443 567 4534 temporum
592 4437 700 4508 minas
726 4435 865 4520 licuerit,
892 4428 1016 4500 sedulo
1044 4425 1223 4497 curabitur.
