2880 5064
764 260 838 332 408

227 440 329 512 νικόν.
374 443 431 510 καί
458 441 511 510 ὅτι
532 443 722 511 Σινωπικδν
749 444 806 516 καί
827 439 1044 526 Χαλυβδικδν
1066 435 1114 518 εἷς
1133 438 1175 505 τό
1197 432 1380 516 τεκτονικά,

218 562 267 628 ’τό
290 561 329 630 δὲ
348 562 551 631 Λακωνικόν
573 558 620 642 τίς
642 558 735 646 ῥίνας
755 562 812 630 καὶ
838 553 1109 648 σιδηροτρόπανα
1134 557 1192 624 καί
1216 559 1381 644 χαρακτῆ-

229 707 291 771 ρας
310 681 367 749 καί
389 679 437 763 είς
456 681 498 748 τό
522 678 740 768 λιδουργικυί,
759 679 799 747 τό
821 682 860 750 δὲ
879 676 1015 748 Λίνδιον
1036 678 1094 746 καί
1113 674 1196 746 αὐτό
1219 674 1268 757 εἰς
1288 674 1383 765 ῥίνας

229 801 287 870 καὶ
306 799 549 889 μαχαίραςκαί
570 796 666 886 ξυρία
687 800 743 868 καί
765 801 940 888 ξυοιῆρας,
969 797 1024 880 ὥς.
1040 823 1124 889 φησι
1145 797 1319 880 Δαίμαχος
1345 795 1382 863 ἐν

205 920 499 1010 ῦπολιορκητικοῐς
520 915 738 1006 ὑπομνήμασι
761 921 875 1007 λέγων.
920 919 977 984 καί
1003 916 1172 1000 λακωνίζω
1195 917 1252 984 καί
1273 917 1382 984 λακω-

230 1035 353 1129 νιοτὴς.
388 1037 520 1129 λέγεται
542 1039 599 1106 καὶ
620 1033 918 1123 λακεδαιμονιιίζω,
941 1030 989 1117 ὡς
1003 1032 1246 1126 Ἀριοτοφόνης
1267 1041 1381 1120 Βαβυ-

231 1157 375 1241 λωνίοις.
418 1158 551 1246 λέγεται
574 1157 633 1225 καί
655 1155 939 1242 Λακεδαίμονόδε
961 1155 1137 1246 ἐπίρρημα.

316 1285 356 1346 Λ
362 1278 431 1346 ατί
437 1302 542 1364 ρειυ,
561 1274 662 1358 πόλις
677 1274 885 1365 Μαγνησίας.
904 1271 1098 1355 Ἑλλάνικος
1113 1272 1382 1356 Δευκαλιωνείας

223 1392 366 1485 πρώτῳ.
410 1393 481 1466 ἔστι
508 1397 564 1465 καί
590 1402 650 1486 τῆς
673 1393 815 1478 Ἰταλίας
837 1385 950 1484 όίλλη.
974 1395 1013 1464 τό
1035 1395 1171 1468 ἑθνικδν
1191 1391 1383 1484 Λακιριοός

193 1514 538 1606 ιυκαὶΛακερειιός,
571 1519 628 1585 καί
659 1517 833 1604 Λακέρεια
863 1516 902 1583 τό
935 1514 1084 1604 θηλυκόν
1116 1509 1303 1604 ὁμοφώνως
1333 1517 1382 1603 τῷ

230 1634 450 1725 πρωτοτόπῳ.
1301 1691 1302 1694 .

317 1752 550 1836 Λακιάδαι,
571 1758 676 1843 δῆμος
697 1761 755 1845 τῆς
774 1754 927 1846 Οἰνηίδος
948 1756 1067 1845 φυλῆς.
1103 1748 1121 1822 ό
1141 1751 1284 1841 δημότης
1298 1763 1339 1822 Λ

231 1871 349 1966 κιόδης
371 1871 611 1964 δναγράφεται.
655 1871 674 1942 ό
702 1877 808 1963 δῆμος
829 1869 987 1955 Λακιοί,
1010 1869 1028 1940 ό
1051 1870 1195 1962 δημότης
1215 1871 1379 1954 Λακιιός.

231 1994 289 2061 καί
313 1994 356 2062 τό
381 1993 508 2064 τοπικδ
538 1991 573 2062 ἐκ
599 1999 658 2082 τῆς
688 1998 911 2083 μουικῆςτῶυ
940 1995 1175 2082 πληθυντικῶν
1203 1994 1287 2078 μετὰ
1315 1999 1381 2062 τῶν

194 2136 219 2177 ιο
231 2114 440 2202 προθέσεων.

318 2233 535 2315 Λακίνιον,
560 2228 638 2324 όρυς
654 2234 842 2326 Κρότωνος.
882 2227 1075 2324 Λυκόφρων
1097 2234 1179 2327 «καὶ
1194 2232 1382 2316 Λακινίους

231 2349 389 2435 μυχοός”.
424 2354 462 2424 τό
480 2355 616 2423 ἓθνικόν
631 2353 807 2434 Λακίνιος,
830 2353 886 2422 καί
906 2355 944 2422 τό
967 2351 1080 2440 κόριον
1101 2358 1161 2422 τοῦ
1181 2351 1298 2443 ἥρωος,
1320 2352 1379 2446 ἀφ’

112 2507 116 2512 ’
226 2461 273 2540 οὗ
293 2472 332 2542 τό
355 2467 443 2561 όρος.
485 2474 525 2543 τό
547 2475 696 2563 θηλυκόν
716 2472 900 2554 Λακινιάς,
928 2473 983 2542 καί
1005 2469 1024 2562 ἡ
1046 2470 1137 2564 χώρα
1158 2474 1311 2543 Λακινία
1333 2471 1380 2557 ὡς

234 2592 402 2677 Κυδωνία,
425 2593 482 2660 καί
501 2593 540 2661 τό
562 2590 699 2662 ἐθνικόν
720 2591 940 2682 Λακινιοίτης.
994 2639 995 2644 κ

196 2732 223 2771 ²³¹
319 2712 514 2799 Λόκμων,
543 2707 628 2801 όίκρα
648 2719 708 2782 τοῦ
729 2711 859 2782 Πίνδου
881 2707 993 2803 όρους,
1021 2711 1058 2791 ἒξ
1082 2703 1122 2801 ἧς
1144 2705 1304 2797 δ”ἱναχος
1324 2715 1381 2783 καί

232 2830 329 2914 Αίάς
350 2840 402 2921 ῥεῖ
421 2830 588 2919 ποταμός,
619 2828 664 2913 ὡς
686 2827 915 2912 Ἑκαταῖοςέ’ν
936 2827 1068 2921 πρώτῳ.
1112 2829 1183 2901 ἔστι
1205 2835 1243 2902 δὲ
1264 2831 1380 2922 παριό-

233 2976 334 3035 νυμον
355 2948 401 3032 ὡς
423 2949 493 3021 δπδ
514 2956 575 3020 τοῦ
596 2948 750 3034 Λόκμος.
793 2953 832 3020 τό
855 2949 992 3020 ἐθνικόν
1013 2948 1228 3039 Λακμαίνιος.

233 3229 262 3285 2.
283 3221 551 3308 σιδηρατρόπαντα
571 3231 634 3289 RV.
720 3232 747 3287 5.
769 3223 863 3307 λόγων
882 3231 917 3298 R,
937 3188 974 3286 λί
989 3229 1024 3297 V,
1044 3225 1078 3285 λέ
1096 3231 1212 3318 πόρια
1233 3229 1379 3307 scriptoris

234 3323 321 3380 verba
341 3323 473 3381 videntur
491 3322 642 3382 excidisse.
720 3328 748 3382 7.
769 3315 1037 3398 Λυκεδαιμονιίδα
1058 3333 1124 3381 ante
1143 3323 1179 3380 X.
1257 3328 1286 3382 8.
1303 3319 1379 3381 Aev-

234 3412 397 3484 καλιωνίας
410 3418 445 3475 R.
523 3423 551 3477 9.
561 3411 703 3491 Ἰταλίας]
718 3417 904 3475 Luceriam
926 3416 982 3472 dici
1002 3417 1072 3473 vidit
1085 3417 1120 3474 H.
1141 3417 1264 3474 fortasse
1285 3425 1379 3475 tamen

233 3515 311 3566 recte
334 3503 504 3579 Θετταλίας
523 3512 637 3588 corrigit
656 3509 692 3568 B.
771 3502 860 3584 ἄλλη]
882 3505 932 3566 καί
953 3528 1040 3588 supra
1061 3501 1136 3587 ἄλλη
1161 3511 1197 3567 ab
1218 3509 1273 3566 alia
1293 3529 1378 3568 manu

233 3599 322 3657 habet
340 3601 376 3658 R.
399 3602 522 3662 sortasse
548 3597 633 3680 {gitur
651 3598 715 3661 ἔστι
735 3599 786 3660 καί
803 3597 943 3670 Ἰταλίας.
969 3599 1019 3659 καί
1039 3595 1115 3679 όλλη
1137 3597 1338 3682 [Ἀρηὀλι’δ“ος,
1360 3598 1378 3682 ἢ

229 3688 286 3749 ,καί
301 3685 468 3770 Ἑρμιόνη]
489 3713 514 3754 v.
536 3698 564 3752 in
581 3687 722 3776 Ἕρμιιόν.
800 3702 886 3756 9.10.
906 3691 1081 3773 Λακεραός
1101 3695 1150 3754 καί
1172 3697 1239 3754 add.
1254 3697 1289 3755 R.
1309 3695 1378 3756 Λα·

235 3779 349 3861 κεριιός
379 3787 416 3845 ad
445 3784 604 3865 Λακίρεια
633 3791 761 3848 revocari
790 3809 848 3846 non
876 3799 986 3868 potest;
1015 3791 1111 3864 itaque
1143 3800 1192 3846 aut
1216 3785 1379 3864 Λακερεός

236 3880 417 3938 scribendum
438 3890 495 3949 est,
516 3891 565 3938 aut
584 3882 639 3939 suit
658 3885 743 3941 etiam
764 3883 853 3941 altera
873 3883 966 3940 forma
983 3879 1129 3959 Λακερία
1148 3883 1194 3940 vel
1212 3878 1378 3960 Λακίριυν.

235 3977 281 4032 13.
303 3967 512 4054 όναγρόφεται
533 3967 548 4033 ό
569 3973 667 4052 δῆμος
687 3977 833 4053 coniungit
851 3977 888 4034 X.
908 3976 1008 4033 forsan
1028 3971 1069 4047 [ιλ
1087 3971 1134 4048 δι’]
1156 3969 1171 4034 ό
1193 3972 1291 4050 δῆμος
1308 3975 1378 4033 Λα·

233 4059 293 4125 καί.
369 4061 489 4134 Λακιά,
511 4059 526 4125 ὁ
544 4063 680 4145 δημότης
698 4071 733 4139 R,
750 4067 862 4128 Λακία
882 4066 933 4127 καί
952 4062 968 4127 ό
985 4059 1120 4144 δημότης
1131 4069 1192 4126 AV.
1270 4069 1318 4126 14.
1328 4065 1378 4128 καί

233 4156 273 4219 τὰ
291 4163 327 4229 R,
351 4155 391 4217 τὰ
411 4159 473 4218 AV.
588 4163 633 4217 16.
653 4157 850 4241 Λυκόφρων]
872 4181 913 4220 vs.
934 4165 1000 4221 856.
1027 4163 1075 4218 uhi
1093 4158 1249 4220 Λακινίου
1275 4161 1377 4220 editur.

234 4257 281 4314 16.
300 4246 473 4318 Λακωνικός
493 4251 528 4310 V.
588 4267 593 4276 ’
643 4251 797 4312 Λακωνία
817 4254 853 4312 V.
971 4259 1017 4314 19.
1037 4247 1247 4331 Λακωνιότης
1266 4257 1330 4314 Rv.

233 4351 280 4407 21.
301 4340 343 4414 ὡς
366 4364 421 4402 om.
442 4343 477 4401 R.
573 4349 620 4402 22.
642 4347 697 4404 τοῦ
714 4338 904 4420 ΛιίκμοςΒ,
929 4349 985 4406 τοῦ
1003 4340 1184 4423 Λόκμωνος
1202 4350 1263 4408 AV.
1342 4344 1376 4407 τό

232 4434 357 4499 τοπικδν
377 4439 412 4493 V.
