2888 5084
776 253 849 326 100

235 432 361 524 ἑβδόμη
380 431 533 520 Πιερίας,
559 426 598 520 ἢν
613 427 759 520 ’Ἀραδον
782 431 813 500 ολ
835 431 938 522 Σύροι
962 434 1136 500 καλοῦσιν.
1166 427 1268 519 όγδόη
1293 426 1311 519 ἡ
1336 431 1394 499 δπί

234 561 294 643 τῆς
317 547 531 640 Καλλιρρόης
554 548 678 639 λίμνης.
714 549 811 638 ἐνάτη
834 547 892 618 ἐπὶ
913 555 957 639 τῷ
980 546 1099 640 Ταύρῳ
1122 550 1156 618 ἐν
1173 552 1394 637 Κομμαγηνῇ.

236 669 357 760 δεκάτη
378 671 413 740 ἐν
435 667 579 760 Σκυθίᾳ.
623 665 779 758 ἑνδεκάτη
802 666 947 757 Καρίας,
979 665 1000 756 ἥ
1027 693 1079 747 τις
1108 669 1164 736 καί
1184 663 1395 746 Πυθόπολις

235 789 397 868 ἐκαλεῖτο.
433 785 613 883 «Ἀντιόχῳ
635 787 765 876 γάρτῷ
785 783 951 855 Σελεύκου
971 791 1059 874 τρεῖς
1080 794 1229 875 γυναῖκες
1252 784 1395 871 ἐπέστη-

210 933 299 979 εσαν
321 903 412 997 όναρ,
433 905 545 975 κτίσαι
567 903 669 974 πόλιν
691 906 726 975 ἐν
740 903 855 995 Καρίῳ
877 901 995 992 ἑκάστη
1019 905 1178 992 λέγουσα·
1204 901 1221 972 ὁ
1246 904 1284 972 δὲ
1306 897 1395 970 ύπο-

237 1027 350 1112 λαβών
371 1026 431 1115 την
451 1026 577 1114 μητέρα
600 1027 656 1093 καί
677 1025 745 1114 την
759 1030 896 1113 γυναῖκα
923 1026 981 1092 καί
1006 1025 1066 1112 τήν
1093 1020 1258 1112 ἀδελφήν,
1290 1019 1394 1103 κτίζει

238 1151 338 1235 [τρεῖς
366 1142 499 1224 πόλεις]
529 1140 598 1212 άπδ
627 1146 688 1228 μὲν
713 1150 772 1232 τῆς
798 1140 950 1234 ἀδελφῆς
971 1141 1148 1230 Λαοδίκης
1168 1137 1393 1217 Λαοδίκειαν,

236 1262 309 1334 άπδ
333 1264 371 1332 δὲ
391 1267 450 1350 τῆς
471 1261 626 1350 γυναικός
646 1259 762 1350 Νύσης
782 1267 914 1344 Νύσαν,
945 1260 1016 1331 cini
1038 1264 1076 1332 δὲ
1097 1267 1156 1350 τῆς
1176 1260 1300 1349 μητρός
1318 1254 1393 1326 Ἀν-

235 1379 383 1466 τιοχίδσς
409 1376 650 1463 Ἀντιόχειαν”.
689 1377 851 1464 Ἀντιοχίς
878 1374 937 1448 οὖν
965 1375 1072 1466 ύνομα
1100 1383 1158 1447 καὶ
1184 1383 1243 1467 τῆς
1267 1377 1394 1465 μητρὸς

199 1500 295 1572 ιοκαί
315 1497 453 1569 ἔδνικόν
472 1501 532 1585 τῆς
554 1496 686 1579 πόλειος
709 1500 766 1566 καὶ
793 1500 901 1588 ῳυλῆς
929 1493 1046 1583 όνομα.
1092 1494 1262 1584 δωδεκάτη
1289 1495 1324 1564 ἐν
1351 1500 1393 1585 τῇ

232 1622 417 1708 Μαργιανῇ
439 1615 665 1705 Παρθυαίων,
690 1619 767 1707 περὶ
788 1609 827 1706 ἧς
847 1615 1006 1705 Στράβων
1028 1615 1197 1707 ἑνδεκάτη.
1240 1641 1393 1702 τρισκαι-

233 1735 355 1825 δεκάτη
376 1731 396 1825 ἡ
425 1732 567 1826 Ταρσός.
611 1733 952 1827 τεσσαρεσκαιδεκάτη
971 1733 1151 1823 Ἰσαυρίας,
1181 1731 1392 1825 ἡΛαμιυτὶς

233 1857 403 1945 λεγομένη.
448 1856 487 1924 τό
515 1854 653 1923 ἑθνικδν
680 1861 799 1925 πασῶν
823 1852 1010 1938 Ἀντιοχεύς
1030 1858 1088 1924 καί
1112 1851 1315 1938 Ἀντιόχειος
1336 1854 1392 1921 καί

231 1972 394 2058 Ἀντιοχίς
415 1974 455 2041 τδ
478 1969 636 2060 θηλυκόν.

197 2127 221 2164 ιε
316 2089 593 2179 Ἀντιπατρίς,
625 2087 727 2171 πόλις
753 2090 967 2182 [Ἰουδαίας],
994 2090 1150 2182 Ἡρώδου
1179 2090 1302 2178 κτίσμα
1333 2089 1390 2161 ἐπὶ

228 2211 407 2281 Ἀντωνίου
429 2210 611 2298 Καίσαρος.
655 2211 694 2278 τδ
715 2211 853 2280 ε’δνικὸν
869 2211 1130 2301 Ἀντιπατρίτης.

313 2327 547 2416 Ἀντισάρα,
570 2327 718 2397 ἐπίνειον
741 2336 912 2419 Δατηνιῦν.
945 2327 1158 2419 Ἡριοδιανός
1180 2327 1389 2425 κ’Λίντισάρη

232 2449 290 2517 καί
320 2446 401 2537 αύτη
430 2444 568 2529 πόλις”.
611 2449 700 2528 τινὲς
729 2449 767 2517 δὲ
801 2447 928 2539 Τισάρη
959 2448 1137 2540 γράφουσι.
1181 2450 1220 2518 τό
1252 2449 1389 2518 ἕδνικόν

228 2564 449 2659 Ἀντισαρεύς,
473 2564 519 2649 ὡς
536 2564 743 2654 Ἀντικυρεύς
764 2571 822 2656 τῆς
839 2565 1043 2659 Ἀντικύρας.

232 2827 259 2878 1.
273 2813 407 2896 Ἄραδον
422 2829 596 2898 suspectum.
677 2822 704 2875 1.
716 2822 743 2875 2.
758 2811 776 2894 ἡ
791 2811 884 2895 ὀγδόη
899 2815 946 2876 ε’πλ
959 2813 1136 2898 Καλλιρόης
1150 2823 1185 2880 R.
1266 2826 1293 2878 2.
1306 2819 1387 2894 Κομ-

230 2904 352 2988 μαγήνη
373 2913 409 2980 X,
428 2907 613 2986 Κομμαγίνη
635 2910 709 2967 libri.
797 2915 826 2969 4.
840 2904 1000 2991 Ἀντιόχῳ]
1023 2914 1105 2970 Haec
1125 2915 1236 2970 Arriani
1258 2933 1324 2972 esse
1346 2915 1386 2970 vi·

233 3004 350 3074 demun
370 3004 504 3078 leguntur
523 3004 589 3059 item
609 3004 710 3079 paucis
732 3006 845 3061 mutatis
867 3003 944 3082 apud
965 3007 1145 3064 Eustathium
1166 3007 1203 3064 ad
1219 3007 1307 3064 Dion.
1322 3007 1386 3064 Per.

231 3101 297 3155 918.
397 3087 548 3152 Σελεύκου
568 3095 604 3160 X,
624 3086 763 3172 Σελεύκῳ
785 3094 857 3160 libri.
950 3101 978 3155 4.
990 3105 1018 3157 5.
1040 3104 1121 3176 τρεῖς
1140 3092 1301 3178 ἐφάνησαν
1321 3093 1386 3157 κατ’

229 3181 306 3264 ὄναρ
325 3191 463 3264 γυναῖκες
481 3187 658 3244 Eustathius.
757 3191 785 3246 5.
806 3185 838 3245 ἐν
857 3186 964 3271 Καρίῳ
984 3211 1039 3249 om.
1061 3192 1237 3249 Eustathius.
1337 3187 1387 3249 δέ·

230 3281 328 3339 λουσιν
348 3280 523 3338 Eustathius.
622 3283 650 3338 5.
663 3282 691 3336 6.
712 3272 880 3354 ύπολιιβιύν
900 3277 997 3350 αὐτάς
1016 3279 1072 3359 τὴν
1091 3289 1219 3360 γυναῖκα
1240 3275 1316 3342 εἶναι
1337 3280 1386 3342 καί

230 3371 287 3448 τίγν
304 3368 422 3448 μητέρα
442 3372 618 3430 Eustathius.
697 3375 724 3429 6.
744 3368 834 3443 κτίζει
855 3374 915 3442 AR,
937 3366 1033 3450 κτήζει
1054 3377 1089 3435 V.
1117 3377 1183 3434 sort.
1198 3371 1307 3455 κλῄζει,
1331 3397 1387 3453 quo

230 3467 317 3522 utitur
341 3465 493 3532 Arrianus,
519 3467 599 3521 cuius
626 3465 697 3522 haec
723 3485 788 3523 esse
814 3468 958 3544 suspicor,
984 3469 1062 3546 apud
1089 3469 1219 3526 Eustath.
1241 3471 1279 3526 ad
1301 3471 1386 3527 Dion.

229 3561 295 3615 976.
411 3559 440 3614 7.
460 3561 541 3633 τρεῖς
560 3548 662 3625 πόλεις
682 3577 738 3616 oin.
758 3557 935 3616 Eustathius.
1053 3565 1081 3619 8.
1103 3554 1233 3636 Νύοσης
1253 3557 1387 3620 Νύσσαν

228 3647 404 3705 Eustathius.
492 3651 521 3706 8.
532 3655 560 3708 9.
571 3643 758 3725 Ἀντιοχίδος
777 3683 815 3692 —-
835 3649 890 3725 τῆς
908 3649 1026 3728 μητρὸς
1046 3673 1102 3712 om.
1124 3654 1160 3711 V.
1248 3663 1295 3715 10.
1317 3648 1386 3724 ὄνος

227 3761 281 3821 pro
301 3733 400 3814 όνομα
420 3743 456 3799 V.
565 3747 610 3800 11.
632 3737 776 3820 ίνδεκάτη
799 3746 842 3822 (p.
864 3745 934 3820 516)
957 3746 992 3814 Β,
1012 3739 1266 3825 πεντεκαιδεκάτῃ
1290 3750 1324 3816 Α,
1345 3740 1386 3824 aff

229 3835 264 3902 V,
290 3828 318 3890 ιε’
337 3835 372 3891 R.
489 3839 601 3893 1213.
622 3830 940 3912 τεσσαρεσκαιδεκάτη
960 3871 997 3881 -
1017 3836 1159 3916 λεγομένη
1184 3841 1253 3898 add.
1274 3842 1384 3920 PpRV.

228 3926 266 3983 cs.
288 3926 451 3985 'i'zschuck.
473 3928 510 3986 ad
531 3929 627 3986 Strab.
649 3930 686 3986 14
704 3948 735 4005 p.
756 3931 822 3986 690.
870 3929 1063 4006 ’Λαμιῦτις
1081 3935 1117 3991 R.
1209 3938 1255 3992 13.
1276 3935 1385 3992 πασῶν

227 4018 397 4086 Salmasius,
417 4019 478 4088 πᾶς
497 4020 561 4088 RV,
581 4019 643 4076 πᾶν
662 4023 696 4077 Α.
790 4024 835 4080 15.
853 4015 1006 4092 Ἰουδαίας
1026 4026 1094 4084 add.
1116 4025 1152 4083 B.
1236 4021 1384 4103 Ἡριύδου

225 4111 334 4189 PpRV,
349 4105 544 4188 Ἡροιδιανός
557 4115 590 4169 Α.
670 4103 729 4170 timi
743 4113 806 4170 RV.
887 4120 933 4173 16.
947 4109 1112 4176 Ἀντωνίου
1126 4103 1383 4188 ΑΒίἈντιυνίνου

225 4204 307 4280 va,
324 4197 489 4262 Ὀκτανίου
509 4206 546 4260 Η.
573 4214 622 4261 aut
642 4205 696 4262 ho'c
717 4216 766 4262 aut
784 4201 974 4284 Αὐγούστου
995 4213 1187 4272 scribendum.
1291 4206 1383 4271 Ἀντι-

222 4287 342 4372 πάτρης
361 4296 439 4364 libri,
467 4297 590 4352 correxit
609 4295 645 4352 B.
750 4303 797 4356 17.
812 4292 979 4378 Ἀντίσαρα
999 4303 1073 4361 libri.
1171 4303 1327 4382 Δατηνιῦν
1347 4307 1383 4375 Η,

222 4384 366 4444 Λατίνιον
385 4388 458 4443 libri.
539 4390 585 4447 19.
600 4381 765 4465 Ἀντισάρη
785 4391 839 4469 Pp.
862 4394 900 4451 cf.
923 4394 960 4451 ad
974 4388 1099 4470 Ἄσκρη.
