2888 5084
751 252 824 324 174

215 433 325 513 λειαν,
352 436 539 520 Κυρηναῖοι
566 433 605 500 δὲ
634 431 713 519 περὶ
739 431 798 520 τήν
826 429 1041 522 διφρεοτικῆν
1064 425 1249 519 ἐπιστήμην
1270 424 1373 518 ἠσχό-

214 553 341 639 ληνται.
374 546 471 640 ἡμεῖς
492 553 531 623 δι’
552 552 631 641 περί
651 551 711 641 τήν
731 555 798 618 τῶν
819 546 929 635 νόμων
951 546 1118 630 εὐταξίαν.
1158 545 1231 616 ἔστι
1253 549 1292 618 δι’
1313 550 1372 617 καὶ

214 667 369 742 Βοιωτία
392 667 427 738 ἐν
445 667 570 761 Θρᾴκη.
602 669 642 740 τό
664 667 802 740 ίιθνικδν
825 667 944 754 ὅμοιον
960 664 1127 749 Βοιωτός.
1161 668 1375 758 λέγεταικαὶ

147 793 149 800 ’
214 783 386 871 Βοιώτιος
407 790 462 859 καὶ
482 786 654 870 Βοιωτία,
679 784 736 878 ἀφ’
761 779 802 856 οὗ
824 785 844 877 ἡ
868 784 1035 878 παροιμία
1060 784 1215 858 Βοιωτία
1236 779 1291 869 ὗς,
1313 787 1373 856 καὶ

184 931 201 986 4ι
214 905 375 989 Βοιωτίς.
411 908 470 976 καί
490 906 697 978 Βοιωτίδιον
717 908 753 978 ἐκ
775 903 959 986 Βοιώτιος.
990 902 1237 997 Ἀριστοφάνης
1251 902 1373 995 Ἀχαρ-

98 1042 102 1052 “
213 1031 324 1097 νεῦσιν
348 1020 401 1121 «ὦ
419 1033 513 1116 χαῖρε
531 1023 757 1117 κολλικοφάγε
775 1022 1018 1096 Βοιωτίδιον”.
1052 1027 1110 1095 καί
1131 1031 1219 1117 ῥῆμα
1243 1033 1371 1120 «βοιω-

212 1143 342 1231 τιάζειν
364 1141 529 1232 ἒλιαθες”.

297 1261 476 1350 Βόλβαι,
509 1260 614 1343 πόλις
643 1261 777 1352 Καρίας
806 1263 863 1330 καὶ
893 1265 1048 1349 ποταμὸς
1076 1261 1316 1353 Βολβαιώτης,
1351 1261 1373 1354 ἥ

212 1409 265 1464 τις
281 1379 466 1472 Ἡράκλεια
488 1378 627 1472 ἐκλήθη.
667 1379 739 1451 ἔστι
761 1381 819 1450 καί
839 1379 960 1471 Βόλβη
982 1380 1084 1464 πόλις
1105 1384 1162 1453 καί
1184 1381 1293 1474 λίμνη.
1332 1383 1371 1452 τό

178 1533 202 1572 ιο
215 1503 351 1573 ἕθνικόν
372 1504 556 1588 Βολβαῖος.

298 1620 542 1710 Βολβιτίνη,
578 1615 681 1699 πόλις
711 1617 911 1708 Αἰγύπτου,
941 1617 1125 1703 Ἑκαταῖος.
1176 1618 1195 1690 ό
1231 1620 1373 1711 πολίτης

215 1739 463 1830 Βολβιτινίτης.
496 1740 535 1809 τό
553 1739 705 1829 κτητικδν
720 1739 932 1828 Βολβίτινος,
954 1737 1053 1808 ἔνθεν
1068 1741 1125 1810 καὶ
1144 1738 1373 1834 αΒολβίτινον

216 1857 342 1947 άμα”.

239 1890 258 1952 ⁰
301 1977 471 2068 ,Βολίνη,
493 1975 596 2057 πόλις
611 1973 758 2063 Ἀχαίας,
781 1973 827 2061 ὡς
840 1973 971 2058 Ῥιανὸς
989 1977 1024 2046 ἐν
1040 1975 1201 2061 Ἀχαϊκῶν
1217 1976 1372 2066 δευτέρῳ.

177 2098 254 2166 στδ
281 2097 418 2166 ἓθνικδν
439 2099 634 2176 Βολιναῖος.
1144 2181 1150 2194 .

302 2213 528 2302 Βολισσός,
564 2212 666 2294 πόλις
694 2211 844 2302 Αίολικὴ
878 2211 929 2284 ἐπ’
963 2208 1068 2302 άκρου
1097 2213 1187 2282 Χίου
1216 2213 1372 2304 πλησίον,

218 2332 423 2424 Θονκυδίδης
445 2333 615 2407 Βολίσιιον
645 2330 748 2422 αὐτην
774 2334 871 2400 καλεῖ
896 2333 930 2402 ἐν
953 2329 1068 2424 ὀγδόη.
1113 2333 1171 2403 καί
1192 2359 1298 2424 φασιν
1320 2334 1373 2404 ότι

99 2483 112 2518 ι
207 2452 354 2543 ’Όμηρος
373 2453 409 2523 ἐν
428 2451 536 2544 τούτῳ
556 2458 604 2544 τῷ
625 2449 841 2542 πολισματίῳ
862 2452 923 2533 τὰς
944 2453 1122 2542 διατριβάς
1142 2450 1303 2536 ἐποιεῖτο,
1327 2449 1372 2535 ὡς

206 2568 366 2664 Ἔφορος.
404 2569 605 2665 Ἀνδροτίων
632 2572 670 2642 δὲ
699 2567 743 2641 δι’
775 2567 848 2652 ἑνός
875 2573 896 2635 δ
922 2568 1055 2661 γράφει.
1099 2571 1137 2641 τό
1167 2573 1306 2643 ἐθνικδν
1331 2576 1372 2665 τῇ

177 2695 311 2786 τοτέχνῃ
331 2691 519 2774 Βολίσσισς
544 2688 590 2774 ὡς
612 2688 842 2781 Λαρνὴσσιος,
872 2687 1062 2772 Βολισσεός
1083 2687 1130 2772 ώς
1153 2687 1372 2782 Ἀλικαρνασ-

215 2813 301 2896 σεύς,
324 2815 381 2884 καί
395 2813 599 2903 Βολισσίτης
615 2809 662 2893 ὡς
675 2807 879 2900 Ὀδησσίτης.
910 2810 1069 2902 χρηστέον
1091 2810 1130 2880 δὲ
1150 2816 1199 2901 τῷ
1219 2811 1372 2902 προτέρῳ

161 2929 165 2932 ’
214 2931 275 3000 διά
296 2932 335 3002 τό
358 2930 514 3021 σύνηθες.

214 3147 415 3158 ——-—

214 3301 242 3354 2.
254 3291 319 3356 ίστι
330 3293 381 3356 καί
393 3299 429 3356 R.
499 3301 527 3358 5.
539 3295 572 3357 ίκ
583 3295 754 3365 Βοιωτίδος
766 3297 914 3356 Gavelius.
935 3307 1032 3356 monet
1046 3299 1169 3376 scriptor
1179 3297 1372 3370 Βοιωτίδιον,

214 3391 293 3467 quod
312 3391 408 3449 media
428 3391 570 3470 producta
590 3391 702 3459 dicitur,
723 3410 781 3447 non
797 3390 835 3449 ad
849 3381 988 3457 Βοιωτός
1001 3391 1055 3448 sed
1069 3391 1106 3450 ad
1119 3385 1272 3462 Βοιώτιος
1288 3414 1373 3453 revo-

214 3483 339 3542 candum
358 3501 434 3542 esse.
507 3488 535 3544 5.
547 3488 574 3542 6.
588 3477 800 3562 Ἀχαρνεῦσιν]
824 3502 863 3541 τι.
876 3486 943 3541 872.
1021 3489 1048 3542 6.
1059 3489 1088 3544 7.
1097 3479 1289 3560 βοιωτιάζειν
1302 3480 1373 3561 ίμα-

212 3576 282 3649 θες]
298 3575 434 3634 Βατίειαν
445 3577 654 3656 Aristophanis,
676 3586 753 3635 certe
770 3577 871 3634 comici
881 3585 987 3653 poetae
1002 3582 1088 3637 verba
1101 3589 1176 3636 sunt.
1255 3585 1283 3639 8.
1295 3572 1372 3638 Βόλ·

212 3689 269 3742 μαι
282 3669 318 3726 R.
345 3731 355 3750 ,
397 3673 426 3728 8.
437 3678 464 3729 9.
476 3663 563 3738 πόλις
572 3665 705 3747 Καρίας,
726 3658 793 3746 ἥτις
810 3665 861 3726 καί
873 3661 1042 3746 Ἡράκλεια
1062 3664 1189 3746 ἐκλήθη.
1210 3665 1226 3732 ό
1246 3670 1373 3749 πολίτης

216 3753 437 3838 Βολβιιιώτηςλ
457 3765 497 3821 ita
516 3763 579 3822 sere
599 3764 656 3820 iam
670 3761 706 3820 13.
727 3772 882 3840 praeterea
897 3761 995 3819 malim
1007 3755 1216 3840 Βολβαιάτης.
1295 3763 1373 3824 Βολ·

212 3843 340 3926 βαιώτις
359 3872 412 3932 pro
426 3847 630 3930 Βολβαιώτης
648 3856 683 3913 R.
764 3857 810 3912 12.
835 3851 1046 3932 Βολβιτινίτης
1065 3856 1128 3924 RV,
1149 3850 1374 3933 Βολβιτινήτης

213 3947 246 4001 Δ.
336 3941 479 4020 κτητικόν
497 3947 536 4016 Μ,
556 3942 681 4006 &mar
701 3947 774 4004 libri.
884 3952 989 4006 1213.
1009 3945 1193 4024 Βολβίτινον
1212 3942 1315 4022 στόμα
1335 3950 1371 4006 Β.

211 4036 312 4094 forsan
332 4033 516 4110 Βολβίτινον
535 4035 664 4116 δίαρμα.
744 4041 790 4096 16.
805 4044 859 4098 17.
872 4037 1002 4116 πλησίον
1016 4032 1154 4120 Ὅμηρος
1175 4038 1373 4118 Θουκυδίδης

213 4130 250 4186 V.
350 4132 396 4198 17.
417 4121 525 4207 ὀγδόῃ]
549 4151 574 4190 c.
594 4133 641 4190 24.
664 4133 710 4190 ubi
732 4141 776 4189 est
794 4127 826 4189 ἓν
845 4129 1001 4212 Βολίσσῳ.
1110 4140 1155 4194 18.
1177 4131 1371 4215 πολισματίρι

212 4218 288 4289 HV,
309 4216 476 4295 πολίσματι
496 4223 556 4299 ΑΒ.
672 4229 720 4282 21.
741 4221 929 4300 Βολισσίτης
948 4221 990 4294 ὡς
1006 4219 1192 4302 Ὀδησσίτης
1211 4245 1268 4284 om.
1289 4223 1332 4284 11.

210 4307 394 4388 Ὀδησσίτης
413 4313 451 4382 H,
469 4305 652 4404 Ὀδσσσίτης
671 4319 735 4388 RV,
752 4312 928 4394 Ὀδισσίτης
948 4319 985 4377 X.
