2888 5070
742 251 830 331 ‘352

218 438 400 531 Κεστρίνου
431 441 491 506 τοῦ
521 434 597 506 υἱοῦ
623 432 760 504 Ἑλένου
792 441 854 504 τοῦ
885 434 1090 526 Πριαμίδου.
1136 432 1169 504 ολ
1203 431 1377 528 οἰκήτορες

219 555 409 645 Κομμονοί,
433 551 479 637 ῶς
498 559 566 652 τῆς·
579 551 786 639 Καμπανίας
808 551 1006 640 Καμπανοί.

305 674 493 762 Κάμπος,
521 670 642 758 κτίσμα
663 667 871 757 Κομπάνου,
900 667 958 762 ἀφ’
983 663 1025 741 οὗ
1045 669 1238 762 ἐκλήθησαν
1261 673 1378 761 [Καμ-

220 793 352 882 πανοί]
393 792 432 861 τδ
453 791 601 879 θηλυκὸν·
622 789 806 878 Καμπανίς
827 791 885 858 καί
905 787 1089 880 Καμπονή.

191 931 204 969 ⁵
304 909 496 993 Κάναθα,
520 906 622 992 πόλις
643 910 729 998 πρδς
749 912 796 1000 τῇ
817 905 950 1000 Βόστρρ
965 903 1137 994 Ἀραβίας.
1174 909 1215 977 τδ
1238 910 1377 982 ἐθνικδν

217 1027 434 1120 Κονοθηνός.
478 1028 604 1100 ἔντεσι
626 1031 664 1099 δὲ
686 1030 744 1097 καί
765 1027 824 1096 διὰ
845 1030 907 1096 τοῦ
929 1032 945 1094 ῖ
964 1023 1140 1117 γράφεται.

300 1145 449 1231 Κάνου,
474 1146 672 1242 απολίχνιον
695 1143 875 1235 [Εὐβοϊκόν
895 1140 933 1234 ἢ]
955 1149 1100 1235 Λοκρῶν
1121 1150 1188 1213 τῶν
1210 1146 1246 1215 ἐκ
1260 1145 1376 1218 Κύνου

217 1269 301 1337 κοτδ
321 1269 363 1338 τά
385 1261 470 1356 άκρα
492 1271 550 1355 τῆς
572 1261 748 1352 Λέσβου”.
791 1261 862 1333 ἔστι
883 1265 941 1332 καί
963 1257 1041 1353 όρος
1062 1260 1174 1352 Κάνη
1195 1267 1253 1332 καὶ
1274 1263 1378 1348 πόλις
1427 1351 1428 1354 ¹

217 1387 274 1455 κοί
295 1385 402 1476 λίμνη.
448 1383 599 1454 ἔστινκαὶ
620 1381 723 1464 πόλις
744 1387 803 1474 τῆς
829 1378 1000 1473 Τρῳάδος.
1038 1379 1197 1473 Στράβων
1220 1380 1276 1472 ιγ’.
1309 1381 1376 1454 εἶσί

215 1606 281 1671 ἔστι
300 1608 415 1687 κτίσμα
434 1612 495 1670 AV.
515 1631 570 1690 pro
591 1602 723 1686 Κάδμος
743 1613 769 1668 Η
791 1613 895 1668 conicit
917 1604 1055 1685 Θόαμις,
1083 1610 1261 1670 Schubartus
1289 1612 1374 1670 dubi·

216 1699 464 1780 ῐοολεεΚάμμος.
480 1703 650 1778 Κεστρῖνος
662 1704 786 1762 sortasse
798 1724 815 1761 e
825 1699 980 1780 Κεστρίνη
995 1713 1170 1783 corruptum.
1235 1709 1263 1762 1.
1275 1699 1374 1783 Πριά·

214 1816 276 1871 μου
296 1799 333 1856 V.
451 1802 479 1856 3.
500 1789 644 1870 Κάμπος,
667 1788 774 1868 [τόπος
793 1791 860 1872 περί
881 1787 1017 1872 Κόμην],
1038 1781 1152 1870 κτίσμό
1172 1793 1375 1870 Καμπανῶνί

216 1889 254 1947 cl.
279 1889 375 1966 Etym.
401 1891 441 1948 M.
468 1911 498 1968 p.
519 1891 591 1962 488,
619 1891 671 1948 39:
701 1884 884 1962 Καμπανοί,
916 1878 962 1945 ότι
988 1881 1124 1962 Κάμπον
1148 1881 1273 1946 λ’κτισαν
1296 1885 1375 1965 πρὸς

215 1977 272 2057 τὴν
285 1977 398 2058 Κύμην
417 1977 512 2040 τόπον
532 1971 614 2039 οὕτω
634 1976 804 2058 λεγόμενον.
825 1981 915 2037 schol.
935 1981 1021 2038 Dion.
1033 1981 1099 2038 Per.
1111 1984 1181 2040 557:
1201 1977 1371 2056 Καμπανοί

217 2070 251 2130 δὲ
276 2068 409 2150 εἴρηνται
436 2068 496 2132 άπδ
522 2073 578 2130 τοῦ
598 2067 752 2148 Κάμπου,
778 2071 810 2132 ἐν
834 2057 860 2153 ᾧ
885 2069 942 2150 τὴν
967 2067 1085 2148 οίίιησιν
1109 2067 1244 2147 ἔχουσιν,
1271 2065 1371 2152 ἢάπδ

215 2157 354 2240 Κάμπου
374 2163 455 2234 τινὸς
476 2156 575 2233 οὕτως
588 2159 823 2241 ὀνομαζομένου.
844 2167 921 2224 idem
935 2165 1016 2223 addit
1032 2165 1225 2222 Herodianum
1239 2162 1373 2240 Καμπός

217 2257 398 2316 scribendum
423 2260 624 2337 praecepisse,
657 2261 702 2314 cui
728 2268 871 2337 repugnat
894 2257 998 2315 Arcad.
1024 2278 1054 2335 p.
1076 2259 1127 2324 66,
1152 2263 1200 2314 21.
1318 2253 1370 2339 ἀφ’

210 2335 254 2427 ἧς
272 2350 337 2409 RV.
429 2343 607 2426 ἐκλήθησαν
627 2349 774 2419 Gavclius,
794 2345 985 2425 ἐκτίσθησαν
1003 2349 1078 2407 libri.
1195 2355 1223 2408 3.
1235 2351 1264 2410 4.
1285 2351 1371 2428 Καμ·

218 2443 313 2500 πονοί
330 2441 399 2500 add.
419 2444 455 2501 B.
534 2447 562 2500 6.
576 2437 607 2499 ἵν
626 2461 687 2500 τισι
707 2439 741 2499 δὲ
762 2437 813 2498 διὰ
833 2441 889 2498 τοῦ
908 2441 920 2500 i
937 2435 1104 2521 γράφεται]
1126 2445 1205 2501 Haec
1226 2447 1371 2503 annotatio

215 2535 255 2593 ad
279 2535 386 2614 gentile
411 2545 543 2615 spectare
570 2535 695 2604 videtur,
727 2535 806 2610 quod
830 2536 859 2592 in
888 2535 1059 2612 quibusdam
1085 2536 1165 2594 libris
1189 2535 1372 2605 Καναθῖνος

215 2630 353 2706 scriptum
373 2631 539 2709 repperisse
559 2629 680 2686 videtur.
702 2629 785 2685 unice
807 2645 874 2684 vera
894 2627 988 2684 forma
1007 2640 1051 2686 est
1063 2623 1263 2704 Κοναθηνός,
1286 2649 1369 2706 quam

215 2721 305 2778 habes
334 2723 362 2778 iu
388 2723 471 2779 titulo
492 2722 571 2800 apud
592 2720 721 2780 Boecklr.
743 2739 771 2778 n.
792 2720 878 2778 4613.
905 2721 960 2776 uisi
980 2741 1033 2799 pro
1052 2717 1065 2780 ἲ
1085 2722 1268 2780 scribendum
1288 2719 1313 2789 ὃ,
1334 2731 1371 2804 1οῐ

216 2803 350 2870 Κάνοθα
362 2814 453 2872 altera
465 2815 561 2872 forma
575 2813 670 2883 suerit,
690 2815 769 2871 cuius
786 2811 918 2890 exempla
931 2814 1039 2890 passim
1056 2824 1164 2873 entant.
1242 2819 1272 2874 7.
1280 2819 1307 2874 8.
1319 2833 1370 2872 πο·

216 2900 330 2978 λίχνιον
349 2935 387 2948 -
404 2902 538 2981 Λέσβου
558 2909 654 2966 Strab.
675 2911 717 2965 13
732 2926 762 2984 p.
783 2908 850 2966 615.
933 2909 962 2964 7.
983 2899 1145 2981 Εὐβοικῶν
1163 2906 1227 2974 RV,
1246 2901 1370 2982 Εὐβοει·

214 2991 269 3054 κδν
288 2998 322 3053 Α.
348 2999 452 3056 seclusi
479 3003 565 3057 verba
584 2993 738 3073 Εὐβοϊκῶν
757 2988 776 3074 ἢ
803 3007 833 3053 ut
859 2997 934 3054 male
960 2997 1052 3056 lusce
1073 2992 1262 3077 sequentibus¹
1279 3000 1369 3070 illata,

214 3090 245 3146 in
266 3089 369 3166 quibus
390 3091 559 3169 scriptorem
580 3093 665 3149 etiam
687 3091 724 3148 de
745 3091 873 3158 Cenaeo,
891 3089 1029 3149 Euboeae
1049 3092 1253 3169 promontorio,
1274 3093 1369 3167 egisse

214 3202 250 3240 ex
270 3181 326 3240 line
347 3185 458 3241 articuli
479 3186 656 3260 intelligitur.
683 3183 784 3261 oppidi
804 3183 925 3240 Euboici
944 3175 1048 3240 Κάνοι
1074 3185 1151 3240 nulla
1172 3184 1285 3261 uspiam
1305 3205 1368 3244 me-

214 3277 314 3336 moria.
404 3276 544 3354 Λοκρῶν
562 3277 673 3355 PpRV,
691 3270 823 3352 Λοκρὸν
842 3277 876 3333 Λ.
973 3274 1035 3332 τῶν
1055 3271 1088 3332 ἐκ
1106 3267 1212 3334 Κάνου
1232 3276 1288 3355 Pp,
1308 3279 1370 3336 τῶν

214 3382 322 3445 ίκόνου
343 3389 379 3456 V,
397 3387 460 3444 τῶν
479 3382 592 3445 ἐκείνου
613 3386 648 3454 R,
669 3404 725 3442 om.
746 3386 779 3442 Α.
877 3389 904 3443 8.
925 3378 998 3462 όρος
1018 3363 1115 3462 σκάνῆ
1136 3387 1171 3444 R.
1198 3387 1293 3464 possis
1314 3388 1369 3462 igi-

214 3489 261 3536 tur
285 3472 357 3553 όρος
381 3473 502 3554 Κάνης,
535 3478 613 3554 quod
645 3476 739 3536 lrabes'
760 3479 789 3534 in
815 3478 918 3551 Hyrnu.
946 3477 1029 3535 Hom.
1055 3477 1150 3556 Apoll.
1172 3482 1209 3538 35
1236 3489 1266 3537 et
1291 3479 1368 3557 apud

215 3571 323 3628 Herod.
346 3576 377 3639 1,
397 3573 447 3629 42.
564 3577 592 3630 9.
613 3568 718 3645 λίμνη]
748 3569 848 3626 Canae
872 3588 936 3625 cunr
962 3571 1131 3628 maritimum
1157 3573 1297 3650 oppidum
1322 3574 1368 3640 sit,

213 3681 281 3719 vero
307 3663 398 3720 simile
424 3672 468 3721 est
493 3663 674 3722 scribendum
696 3653 760 3721 es'se
780 3654 880 3737 λιμήν.
905 3664 1042 3720 memoria
1068 3663 1151 3720 liuius
1172 3665 1294 3722 nominis
1315 3668 1367 3723 ob-

214 3763 328 3811 scurata
359 3755 429 3813 latet
451 3755 573 3814 Ptolem.
595 3761 629 3825 5,
649 3761 682 3824 2,
703 3761 736 3813 6:
767 3751 917 3822 Αἰολίδος
942 3750 1044 3832 Κοινὴ
1072 3748 1163 3829 ἄκρα.
1194 3756 1251 3832 leg.
1277 3749 1368 3834 Κάνη

214 3846 259 3903 vel
288 3839 402 3903 Κάνου.
437 3849 504 3904 item
536 3849 613 3926 apud
644 3847 749 3905 arcad.
780 3867 810 3925 p.
838 3852 909 3914 110,
934 3851 982 3904 26.
1019 3849 1161 3924 disyllaba
1190 3868 1367 3926 componen-

213 3947 270 3996 tem
294 3930 394 4013 πλάνη
421 3930 530 4014 Κυάνη
555 3934 662 4016 κόριον
687 3932 782 4016 Σάνη.
808 3941 864 4016 leg.
891 3934 981 4016 Κάνη
1007 3961 1060 4019 pro
1084 3931 1205 4016 Κυάνη.
1229 3939 1368 4009 Κονοῖυς

213 4030 327 4088 reddidi
346 4042 445 4087 nostro
466 4051 490 4088 s.
505 4050 530 4089 v.
543 4027 638 4108 Σάνη.
659 4034 785 4110 deniqne
806 4032 884 4111 upud
905 4034 995 4090 sclrol.
1015 4033 1150 4110 Apollon.
1171 4033 1266 4100 Rus,
1282 4037 1366 4093 1165.

211 4121 276 4180 Ιοεο
297 4124 511 4200 corruptissimo
532 4125 641 4183 editur:
662 4121 697 4184 εδ
709 4124 845 4202 Αἰγαῖον
864 4121 994 4202 πέλαγος
1014 4120 1043 4182 oi
1061 4123 1118 4200 pir
1138 4118 1199 4184 άπδ
1219 4125 1276 4202 τῆς
1289 4123 1368 4203 Περ·

211 4212 319 4283 κονίας
337 4209 439 4290 Αίγδς
458 4207 619 4288 ε’πιόννμον
637 4212 788 4294 γεγονέναι
809 4215 920 4296 φασίν,
942 4218 989 4275 ubi
1009 4218 1074 4294 lege
1094 4217 1150 4294 τῆς
1169 4215 1237 4294 περί
1258 4213 1367 4286 Κάνος

209 4302 318 4380 Αἰγὸς,
340 4306 418 4382 quod
439 4324 484 4362 me
504 4305 577 4379 sugit
597 4309 698 4368 Exere.
720 4310 758 4368 ad
775 4309 903 4368 Atheni
922 4332 951 4388 p.
963 4315 1009 4369 11.
1031 4313 1068 4370 de
1088 4313 1285 4391 promontorio
1299 4307 1367 4380 At}

211 4396 255 4452 vel
274 4390 361 4472 Αίγά
388 4396 536 4474 appellato
563 4397 628 4456 vide
654 4420 742 4479 supra
766 4421 796 4479 p.
818 4405 865 4460 38.
892 4399 1036 4480 Αἰγαίων
1061 4404 1165 4462 dicitur
1190 4403 1267 4462 idern
1288 4403 1367 4482 apud
