2888 5084
757 247 831 319 176

303 423 550 516 Βορμίσκος,
577 422 699 516 χωρίον
727 425 960 509 Μακεδονίας,
988 427 1023 497 ἐν
1050 419 1076 519 ᾧ
1102 426 1375 516 κυνοσπάρακτος

217 544 349 634 γέγονεν
376 540 579 634 Εὐριπίδης·
615 535 674 624 οὓς
703 540 804 626 κόνας
834 551 877 637 τῇ
906 543 1048 638 πατρῴᾳ
1077 552 1174 640 φωνῇ
1204 545 1376 639 ἐοιεριιιάς

216 665 377 733 καλοῦσιν
397 659 429 731 οἳ
450 657 658 744 Μακεδόνες,
682 659 700 732 ό
724 665 763 734 δὲ
786 663 931 754 ποιητὴς
951 668 1152 757 τραπεζῆας.
1190 667 1226 737 ἐκ
1248 669 1287 738 δὲ
1307 672 1375 736 τῶν

61 849 73 862 ,
217 779 392 872 δηγμάτων
414 776 675 871 άρρωστήσαντα
696 780 799 854 αὐτὸν
821 777 1022 853 ἀποθανεῖν.
1058 785 1098 856 τό
1121 785 1259 868 ἐθνικὸν
1280 791 1375 876 Βορ-

193 899 350 987 εμίσκιος
378 895 424 983 ὥς
449 899 692 992 Τριποδίσκιος
712 898 908 991 Δορίσκιος,
938 901 974 971 ἐν
1000 910 1070 986 τοῖς
1091 900 1231 986 οἰκείοις
1251 901 1375 986 τόποις

116 1031 121 1046 ”
216 1018 379 1112 εὑρήσεις.
833 1079 835 1084 .

303 1135 547 1229 Βόρσιππα,
575 1136 678 1222 πόλις
698 1138 899 1221 Χαλδαίων,
922 1136 1120 1232 οὐδετέρως,
1149 1139 1222 1233 ἱερά
1245 1140 1375 1214 Ἀπόλ

216 1264 323 1340 λωνος
343 1259 401 1327 καὶ
422 1253 634 1346 Ἀρτέμιδος,
663 1259 868 1350 λινουργεῒον
888 1259 988 1348 μέγα.
1031 1260 1165 1350 λέγεται
1185 1262 1244 1330 καί
1262 1269 1375 1353 θηλυ-

215 1384 292 1460 κῶς.
342 1374 376 1446 ολ
406 1379 545 1446 πολῖται
577 1376 830 1468 Βορσιππηκοί.
875 1374 1051 1470 Ἀρριανὸς
1086 1382 1124 1452 δὲ
1155 1388 1375 1472 Βορσιππεῖς

176 1494 337 1579 ωαίιτοός
358 1520 453 1588 φησι.

299 1613 480 1706 Βόρυζα,
502 1611 604 1698 πόλις
624 1612 785 1707 Ποντική.
817 1617 857 1685 τὸ
879 1617 1016 1689 ἐθνικὸν
1038 1621 1241 1710 Βορυζαῖος.

301 1736 586 1827 Βορυσθένης,
622 1731 724 1817 πόλις
755 1735 813 1804 καί
844 1737 999 1823 ποταμὸς
1025 1743 1088 1808 τοῦ
1114 1736 1249 1808 Πόντου
1277 1739 1372 1828 παρά

213 1857 274 1948 τὴν
296 1860 458 1926 Μαιῶτιν
479 1852 595 1943 λίμνην
616 1855 674 1923 καί
700 1851 825 1925 Τάναϊν
848 1854 908 1925 τὸν
934 1853 1099 1942 ποταμόν.
1123 1843 1248 1940 ὀὕτως
1274 1855 1371 1930 καλό

209 1971 458 2065 Ἑλλήσποντος
476 1973 544 2061 πρὸ
565 1976 624 2062 τῆς
636 1970 759 2063 Ἕλλης
775 1973 937 2044 ἐκαλεῖτο.
969 1972 1096 2046 ἔστιδὲ
1111 1974 1371 2068 πόλιςἛλληνίς

175 2127 202 2168 ιε
215 2095 301 2186 πρὸς
324 2091 479 2184 ἑσπέραν,
501 2089 682 2181 Μιλησίων
702 2087 856 2174 άποιιιία,
879 2084 920 2182 ἣν
942 2090 975 2162 ολ
995 2095 1057 2180 μὲν
1074 2088 1174 2164 άλλοι
1188 2097 1370 2186 Βορυσθέ-

213 2242 271 2305 νην
299 2209 397 2282 αίποί
430 2213 468 2282 δὲ
494 2208 642 2296 Ὀλβίαν.
672 2205 728 2300 1ἢν
756 2216 917 2283 ποιοῦσιν
947 2210 967 2282 ὅ
996 2238 1033 2281 τε
1062 2217 1283 2304 Βορυσθένης
1314 2216 1371 2286 καὶ

204 2333 362 2412 Ὕπανις.
397 2326 416 2400 ό
439 2327 580 2420 πολίτης
595 2329 857 2422 Βορυσθενίτης,
879 2333 936 2402 καί
956 2334 995 2403 τὸ
1016 2335 1166 2423 θηλυκὸν
1188 2340 1369 2424 Βορυσθε-

109 2479 118 2496 ·
213 2459 305 2535 νῖτις,
328 2447 387 2522 οὐκ
410 2447 480 2521 άπό
502 2455 562 2542 τῆς
583 2447 726 2533 πόλεως,
748 2446 820 2519 ἀλλ’
839 2448 910 2522 άπὸ
931 2457 992 2522 τοῦ
1010 2458 1177 2538 ποταμοῦ.
1209 2452 1370 2539 βούλεται

214 2576 252 2646 δὲ
273 2575 333 2663 τήν
355 2571 387 2642 ε“ι
409 2570 598 2662 δίφθογγον
621 2569 707 2655 ἔχειν
727 2571 762 2640 ἐν
782 2575 825 2662 τῇ
846 2568 1099 2662 παραληγοόση.
1133 2569 1204 2643 άπὸ
1226 2576 1289 2667 γάρ
1310 2580 1369 2667 τῆς

174 2693 262 2778 νοεῖς
283 2702 321 2776 ὅς
342 2689 482 2774 εὐθείας
503 2687 523 2783 ἡ
548 2691 606 2760 διά
629 2694 689 2759 τοῦ
709 2689 782 2780 ΐῖης
803 2691 986 2781 παραγωγὴ
1008 2690 1188 2778 πλεονάζει
1208 2700 1273 2786 μιᾷ
1289 2697 1368 2765 συλ-

213 2816 311 2904 λαβῇ,
335 2808 381 2894 ὡς
400 2809 508 2892 τόπος
527 2808 676 2899 τοπίτης,
699 2807 903 2899 Κανωπίτης
924 2804 1102 2894 όἈάωνις
1117 2813 1210 2903 παρά
1225 2821 1368 2905 Παρθε-

212 2931 284 3021 νίῳ.
306 2931 345 2999 τὸ
369 2930 407 2999 δὲ
424 2926 530 3018 Ἰήτης
551 2925 621 2997 άπὸ
642 2934 702 3018 τῆς
713 2923 784 2999 ’Ίου
806 2929 865 2998 διά
885 2928 925 2997 τό
949 2935 964 2996 ῑ
985 2930 1146 3022 ἐξηνέχθη
1168 2932 1227 3000 διά
1249 2939 1310 3002 τοῦ
1330 2936 1366 3022 ἡ·

212 3051 269 3120 καὶ
298 3045 368 3120 σἰπὸ
400 3052 529 3137 γενικῆς
560 3043 767 3128 Ἀσκάλωνος
796 3045 1051 3138 Ἀσκαλωνίτης,
1078 3047 1197 3131 Ἔλεος
1221 3047 1368 3140 Ἔλεΐτης

211 3171 269 3240 καί
290 3166 439 3258 Ἐλαίτης
461 3161 480 3236 ό
502 3166 541 3236 τό
560 3163 661 3247 Ἕλος
682 3163 796 3248 οίκῶν,
822 3163 938 3257 Ὠρεός
962 3165 1108 3259 Ὠρείτης
1130 3169 1188 3238 καί
1210 3165 1367 3262 Ὠρείτης.

173 3320 199 3360 ιε
212 3287 283 3361 ἔδει
309 3282 368 3358 οὖν
394 3287 451 3356 καί
472 3283 742 3374 Βορυσθενείτης
768 3286 828 3357 διά
856 3284 1065 3378 διφθόγγου·
1095 3283 1136 3356 οὗ
1163 3287 1225 3379 γάρ
1248 3288 1367 3374 ὅμοιον

210 3416 257 3502 τῷ
277 3407 448 3497 τεμενίτης
471 3402 553 3484 οὐδὲ
574 3408 621 3494 τῷ
643 3401 780 3494 ἔρκίτης.
825 3401 947 3496 οὐγὰρ
970 3401 1041 3474 άπὸ
1062 3409 1121 3496 τῆς
1140 3412 1270 3497 γενικῆς
1293 3404 1365 3476 ἀλλ’

207 3673 237 3727 2.
258 3663 437 3742 λστερίσκας
456 3666 491 3724 R.
570 3669 597 3725 3.
618 3662 759 3743 ποιητὴς]
780 3667 813 3724 11.
825 3672 872 3737 22,
886 3672 934 3727 69.
1012 3672 1040 3727 5.
1055 3664 1233 3741 Δωρίσνιος
1252 3678 1319 3727 ante
1329 3669 1366 3726 B.

208 3755 265 3836 [ὡς
279 3761 323 3818 vel
334 3751 368 3834 ἃ]
385 3756 417 3819 ἐν
431 3753 515 3827 rore?
582 3767 610 3820 9.
622 3757 866 3838 ΒοροιππαΐςΒ,
881 3754 1046 3840 Βόριππας
1056 3761 1094 3821 V.
1164 3752 1364 3838 11.Βάρυζα]

207 3854 391 3914 Herodianus
412 3852 480 3909 diet.
501 3854 576 3911 solit.
598 3874 628 3932 p.
649 3858 696 3922 31,
717 3855 770 3911 25:
796 3845 922 3930 Βόρυζα
944 3849 1084 3930 Περσικὴ
1105 3848 1201 3923 πόλις,
1223 3845 1265 3923 ὡς
1279 3847 1366 3912 Ἕκα·

205 3951 293 4013 ταῖος
312 3937 486 4021 περιηγήσει
507 3938 661 4023 Εὐρώπης
682 3941 781 4026 «μετὰ
803 3941 836 4002 δὲ
850 3936 977 4021 Βόρυζα
996 3938 1084 4013 πόλις
1103 3943 1261 4022 Περσέων.
1287 3941 1365 4020 μετὰ

206 4036 240 4097 δὲ
262 4030 412 4104 Θννιάς”.
530 4043 576 4097 12.
599 4034 668 4115 περὶ
689 4038 725 4094 V.
845 4039 891 4098 14.
912 4032 977 4096 ἔστι
998 4034 1032 4096 δὲ
1052 4039 1088 4107 H,
1113 4032 1178 4096 ἔστι
1198 4035 1250 4097 καί
1270 4040 1345 4097 libri.

205 4135 252 4191 15.
263 4124 341 4208 πρὸς
354 4120 486 4208 ἓσπίριιν
500 4125 736 4208 [Βορυσθένους
749 4130 805 4188 τοῦ
818 4131 984 4204 ποταμοῦ,]
998 4127 1186 4207 Μιλησίωνλ
1244 4135 1291 4190 16.
1300 4125 1365 4190 Ὀλ·

204 4219 287 4298 βίαν.
313 4221 422 4292 [κεῖται
448 4215 479 4279 δ”
501 4221 533 4282 λν
559 4213 666 4302 νήσῳ,]
693 4216 731 4300 ἢν
755 4220 916 4280 ποιοῦσινλ
1031 4228 1078 4281 21.
1099 4220 1279 4300 Κανοπίτης
1299 4226 1335 4283 Β.

204 4319 252 4375 22.
277 4305 391 4388 Οίήτης
415 4314 478 4372 RV.
609 4320 657 4376 25.
678 4312 730 4374 καί
755 4326 822 4394 post
847 4301 902 4373 οὖν
926 4335 983 4373 om.
1004 4316 1040 4373 R.
1167 4307 1275 4391 ὅμοιον
1299 4317 1362 4384 RV,

202 4396 308 4482 όμοιος
328 4406 361 4462 Α.
444 4410 492 4469 26.
513 4401 549 4466 τὸ
570 4402 726 4481 τιμενίτης
745 4401 818 4466 οὐδὲ
837 4403 873 4468 τὸ
894 4401 1014 4484 ἕρκίτης
1033 4407 1070 4465 V.
