2858 5056
363 487 366 494 v
413 455 415 460 ’
506 453 624 536 Olymp.
644 455 738 526 XCH,
764 461 791 514 1.

147 556 246 615 Schol.
264 555 410 634 Aristoph.
428 557 498 632 Lyn.
515 561 585 616 313:
605 550 845 632 τίς’“ξυλλάβσιτ’
868 548 906 614 ἄν
925 554 982 614 τοῦ
1002 548 1095 625 ’ξόλου
1115 553 1178 614 τιῦν
1197 551 1229 613 ἐν

70 648 169 736 Σάμῳ
189 658 383 736 στρατηγῶν]
404 654 548 733 Δίδυμος
567 655 618 716 καλ
640 651 801 735 Κρατερός
821 676 899 736 φασι
918 659 1015 716 ταῦτα
1036 653 1228 715 αίνίττεσθαι

70 752 113 822 είς
128 752 285 833 Φρύνιχον
299 753 353 816 τόν
366 755 596 834 Στρατωνίδου.
616 751 868 834 ἐκακοηθεόσατο
889 753 949 836 γὰρ
969 752 1047 836 πρὸς
1060 751 1115 816 τὸν
1129 753 1230 832 δῆμον

70 851 104 912 ἐν
123 848 222 937 Σάμῳ
248 859 443 935 στρατηγῶν,
470 849 556 918 ὥστε
573 856 753 937 ἐψηφίσατο
780 853 796 918 ὃ
820 856 920 936 δῆμος
939 852 1074 935 δημόσια
1094 848 1169 914 εἶναι
1189 852 1230 915 τά

74 951 232 1032 Φρυνίχου
253 952 402 1034 χρήματα
422 955 474 1016 καλ
494 959 550 1036 τῆς
568 959 647 1018 θεοῦ
666 954 702 1018 τό
724 954 854 1018 δέκατον
871 954 964 1036 μέρος
983 955 1035 1016 καὶ
1054 953 1117 1035 τὴν
1131 953 1229 1015 οίκίαν

71 1055 291 1136 κατεσκάφθαι
319 1051 427 1117 αὐτοῦ.
467 1061 497 1117 ln
523 1061 655 1130 decreto,
681 1063 799 1142 opinor,
831 1081 887 1119 non
914 1054 1043 1117 δέκατον
1067 1069 1144 1128 erat,
1176 1058 1228 1116 sed

71 1153 260 1217 ἐπιδέκατον.
984 1173 988 1178 ·

507 1261 624 1342 Olymp.
645 1264 739 1334 XCH,
763 1269 792 1324 2.

148 1361 340 1439 Ηοεροεεοείο
362 1381 385 1420 ι.
408 1381 432 1420 v.
451 1355 590 1442 Ἄνδρων
609 1387 638 1444 p.
655 1371 702 1426 19.
720 1357 880 1442 Ἄνδρωνά
901 1373 997 1444 ’φησιν
1016 1351 1092 1421 είναι
1111 1359 1229 1439 Κρατε·
1256 1391 1257 1396 1

71 1455 126 1536 ρδς
144 1457 177 1520 ἐν
195 1455 230 1520 θ’
250 1463 312 1521 τιῦν
331 1458 547 1543 ψηφισμάτων
565 1461 621 1524 τόν
638 1460 808 1543 γράψαντα
822 1461 858 1524 τό
872 1461 941 1540 περὶ
954 1458 1162 1544 Ἀντιφῶντος
1173 1460 1230 1521 τοῦ

71 1553 212 1639 ῥήτορος.
239 1565 270 1622 ln
298 1585 374 1624 nono
401 1566 473 1624 libro
501 1543 573 1624 hooc
597 1567 655 1643 legi
680 1586 737 1624 non
762 1568 891 1645 potuisse
918 1585 954 1624 ex
980 1567 1013 1622 iis
1041 1583 1115 1640 quae
1141 1581 1230 1640 supra

73 1665 220 1743 disputato
245 1677 311 1723 sunt
336 1669 406 1724 natis
433 1667 614 1743 intelfigitur,
642 1686 676 1725 oc
704 1687 766 1725 cum
793 1687 828 1727 oo
854 1686 929 1744 quoe
955 1667 1031 1723 circo
1052 1665 1101 1724 01.
1123 1663 1230 1720 LXXX

73 1775 138 1823 octa
158 1761 224 1824 κεπτ
244 1787 279 1826 ex
300 1768 372 1824 libro
394 1777 495 1843 quarto
517 1767 689 1838 offerantur,
713 1789 771 1826 non
797 1768 987 1847 improbabile
1013 1766 1103 1823 videri
1124 1771 1230 1842 potest,

73 1865 217 1924 Andronis
242 1867 409 1945 psephisma
435 1869 473 1926 de
494 1869 668 1946 Antiphonte
694 1870 766 1926 libro
792 1867 1031 1945 quintorelatom
1051 1866 1229 1934 fuissojta·

74 1987 131 2044 que
152 1967 335 2026 scribendum
354 1965 386 2027 ἐν
402 1963 492 2027 έτιῦν
504 1962 732 2048 ψηφισμάτων.
749 1979 875 2028 ceterum
896 1978 985 2030 totum
1006 1966 1174 2046 psephisma
1194 1984 1231 2024 ex

74 2069 204 2127 Caecilio
230 2070 349 2148 apponit
368 2069 539 2146 Plutarchus
566 2071 629 2128 dec.
650 2081 722 2130 orat.
743 2091 772 2150 p.
793 2075 850 2130 833
865 2091 891 2130 e.
911 2065 1064 2150 ψήφισμα
1085 2065 1132 2126 ἐπὶ
1157 2064 1229 2126 Θεο-

72 2163 198 2245 πόμπου
219 2161 376 2246 ἄρχοντος,
398 2164 445 2249 ἐφ’
467 2153 504 2228 οῦ
523 2165 552 2228 ολ
572 2169 764 2247 τετρακόσιοι
784 2166 1011 2248 κατελύθησαν,
1031 2164 1105 2230 καθ’
1126 2159 1229 2228 δέ’δό·

71 2269 121 2342 ’ξεν
144 2265 337 2351 Ἀντιφῶντα
362 2270 524 2346 κριθῆναι,
556 2261 574 2330 ό
598 2268 758 2341 Καικίλιος
786 2270 1005 2350 παρατίθεται.
1038 2266 1161 2354 «Ἔδοξε
1191 2269 1230 2349 τῇ

71 2367 172 2451 ’βουλῇ
195 2371 254 2454 μιᾷ
279 2369 329 2430 κοιλ
356 2370 479 2450 εἰκοστῇ
503 2373 559 2448 τῆς
584 2369 784 2447 πρυτανείας·
815 2367 993 2450 Δημόνικος
1014 2367 1231 2447 Ἀλωπεκῆθεν

71 2465 292 2550 ἐγραμμάτευε,
311 2466 525 2550 Φιλόστρατος
538 2470 719 2550 Παλληνεὺς
734 2469 901 2543 ἐπεστάτει,
916 2467 1055 2552 Ἄνδριον
1070 2463 1143 2531 είπε.
1160 2468 1229 2548 περὶ

72 2575 135 2632 τιῦν
150 2567 282 2650 ἀνδρῶν,
304 2566 358 2642 οῦς
375 2566 602 2652 ἀποφαίνουσιν
612 2569 642 2632 ολ
654 2571 821 2652 στρατηγοί
832 2570 1096 2654 πρεσβευομένους
1107 2569 1149 2641 είς
1159 2570 1230 2629 Λα·

72 2670 239 2750 κεδαίμονα
251 2670 300 2732 ἐπὶ
310 2675 395 2752 κακῷ
408 2674 463 2750 τῆς
475 2667 591 2742 πόλεως
607 2675 662 2751 τῆς
675 2669 857 2750 Ἀθηναίων,
875 2671 927 2733 καί
942 2671 976 2732 ἐκ
992 2674 1048 2731 τοῦ
1064 2667 1229 2750 στρατοπέ-

74 2773 132 2832 δου
141 2774 226 2832 πλεῖν
236 2769 285 2831 ἐπὶ
301 2769 449 2848 πολεμίας
462 2768 545 2842 νεάς,
566 2771 617 2832 καλ
631 2773 772 2848 πεζεῦσαι
787 2770 839 2831 διδ
851 2770 1025 2842 Δεκελείας,
1038 2761 1230 2848 Ἀρχεπτόλε·

71 2895 132 2950 μον
147 2870 198 2932 καλ
212 2867 402 2948 Ὀνομακλέα
417 2871 468 2932 καὶ
482 2869 675 2955 Ἀντιφῶντα
691 2874 855 2950 συλλαβεῖν
869 2872 920 2933 καί
941 2868 1112 2932 άποδοῦνια
1133 2870 1175 2940 είς
1194 2867 1230 2932 τό

73 2966 281 3050 δικαστήριον,
305 2965 388 3044 ὅπως
408 2972 486 3033 δίῦσι
506 2972 603 3054 δίκην.
624 2967 849 3053 παρασχόντων
868 2974 896 3034 δ’
918 2970 1032 3044 αὐτοὺς
1050 2970 1080 3033 οἱ
1097 2991 1230 3048 στρατη·

72 3074 119 3154 γολ
144 3072 196 3134 καὶ
221 3072 255 3134 ἐκ
280 3075 335 3151 τῆς
356 3075 475 3153 βουλῆς
495 3065 640 3145 οῦστινας
660 3067 698 3135 δν
723 3073 801 3158 δοκῇ
825 3083 890 3147 τοῖς
914 3079 1099 3155 στρατηγοῖς
1123 3091 1230 3150 προσε·

74 3174 211 3254 λσμένοις
234 3170 323 3252 μέχρι
349 3170 435 3245 δέκα,
467 3167 552 3245 ὅπως
580 3168 620 3236 δν
644 3173 712 3252 περὶ
738 3170 901 3252 παρόντων
925 3178 1047 3256 γίνηται
1073 3168 1093 3253 ἡ
1119 3171 1231 3251 κρίσες.

72 3274 405 3356 προσκαλεσάσθωσαν
418 3270 736 3358 (προσκαλεσάσθων)
757 3270 786 3336 δ’
803 3273 918 3346 αότοδς
937 3272 965 3336 οἳ
985 3271 1180 3352 θεσμοθέται
1200 3271 1232 3333 ἐν

73 3378 112 3456 τῇ
132 3369 235 3454 αῦριοι
259 3373 358 3462 ἡμέρη
378 3375 429 3438 καὶ
450 3373 649 3456 είσαγόντιον,
675 3374 799 3437 ἐπειδάν
824 3374 856 3436 αλ
881 3370 1002 3456 κλήσεις
1022 3371 1232 3454 ἐξήκωσινιείς

72 3474 108 3538 τό
129 3475 342 3555 δικαστήριον,
368 3477 436 3557 περὶ
462 3465 633 3558 προδοσίας
657 3484 837 3557 κατηγορεῖν
861 3477 934 3548 τοὺς
952 3473 1124 3559 ᾑρημένους
1143 3495 1233 3549 συνηι

72 3571 184 3656 γόρους
203 3577 254 3637 καί
275 3575 348 3649 τοὺς
367 3577 560 3658 στρατηγοὺς
579 3576 631 3639 καλ
650 3573 743 3649 ἄλλος
756 3573 794 3637 όν
811 3599 858 3651 τις
875 3575 1041 3658 βούληται·
1062 3572 1136 3638 ὅτου
1151 3572 1178 3635 δ’
1193 3567 1232 3633 δν

73 3676 333 3758 καταψηφίσηται
355 3674 389 3738 τὸ
411 3673 617 3758 δικαστήριον,
638 3676 706 3758 περὶ
728 3673 826 3739 αὐτοῦ
845 3687 940 3742 ποιεῖν
959 3677 1039 3741 κατὰ
1060 3676 1114 3741 τόν
1127 3675 1243 3755 νόμον..

72 3773 107 3849 ὃς
125 3783 224 3840 κεῖται
244 3776 394 3853 περὶτῶν
413 3775 625 3856 προδόντων”.

504 3881 620 3960 Olymp.
641 3883 737 3940 XCVI
743 3926 751 3952 ,
771 3888 800 3941 2.

151 3983 250 4042 Schol.
265 3984 350 4040 Arist.
364 3981 444 4040 Eccl.
458 3986 547 4041 1089:
567 3979 646 4040 κατδ
668 3978 703 4040 τό
718 3981 898 4040 Καννωνοῦ.
918 3977 1070 4061 ψήφισμα
1086 3974 1231 4061 γεγράφει

73 4078 266 4161 ἑκατέρωθεν
285 4078 509 4161 ἀπολογεῖσθαι
529 4075 583 4139 τόν
602 4076 668 4140 κατ’
690 4079 879 4161 είσαγγελίαν
897 4075 1084 4160 κρινόμενον.
1117 4081 1240 4157 Κρατῖ-

73 4203 125 4253 νος
151 4181 185 4243 δέ
209 4182 260 4244 καί
286 4181 364 4264 πρός
388 4177 568 4260 κλεψύδραν
591 4182 740 4241 κελεῦσαι.
775 4175 925 4262 Ξενοφῶν
950 4179 983 4240 δέ
1007 4179 1049 4250 είς
1074 4177 1109 4240 τό
1134 4176 1232 4262 βόρα·

73 4287 155 4362 θρον
178 4282 374 4363 ἐμβληθέντα
400 4279 571 4343 ἀποθανεῖν
596 4280 647 4342 καλ
668 4279 724 4360 τὴν
749 4277 860 4342 οὐσίαν
884 4276 1089 4342 ἀπολέσαντα.
1128 4285 1160 4342 lo
1186 4286 1230 4342 his

73 4405 225 4465 perperam
246 4387 304 4464 legi
325 4385 487 4462 Κρατῖνος,
509 4385 595 4463 eique
616 4379 778 4464 Κρατερός
797 4383 1026 4446 substituendum
1047 4405 1112 4446 etse
1132 4390 1230 4446 monui
