2880 5078
193 540 240 625 ὡς
264 541 404 628 Οἰχαλία
428 539 617 627 Οἰχαλιειίς,
648 539 704 612 καί
720 541 950 633 Ἀστακιήτης,
984 545 1041 611 καὶ
1062 540 1258 630 Ἀστακίόης
1285 569 1354 611 πα-

191 659 404 753 τρωνυμικόν,
427 661 637 750 Πείσανδρος
658 661 791 752 δεκάτη.

272 777 539 862 Ἀσταπαῖοι,
562 778 697 870 Λιβύης
719 781 830 863 ἔθνος,
848 780 1039 864 Ἀππιανός
1062 781 1154 869 ἕκτῳ.

274 900 314 969 Ἀ
321 898 487 989 στάρτη,
515 905 615 990 νῆσος
636 901 671 968 ἒν
691 898 883 992 Αἰθιοπίη.
919 901 1119 989 Μαρκιανὸς
1139 897 1175 968 ἒν
1196 899 1353 990 περίπλῳ

168 1019 318 1110 ῡπραίτιμ
345 1021 525 1114 αίντεῦίίευ
545 1013 682 1109 άρχεται
702 1018 886 1088 Αἰθιοπία
906 1017 927 1109 ἡ
951 1017 1036 1108 ὑπὲρ
1056 1017 1247 1108 Αἴγυπτον.
1279 1015 1353 1088 άπὸ

195 1143 234 1210 δὲ
259 1146 320 1210 τοῦ,
347 1138 475 1222 Βαζίοο
502 1132 605 1228 άκρου
638 1139 807 1223 ἐκδέχεται
835 1140 1030 1228 Πριονωτόν
1062 1134 1150 1227 ὅρος.
1199 1139 1286 1207 ιιατά
1313 1141 1353 1208 δὲ

192 1265 293 1329 τοῦτο
303 1263 403 1350 νῆσος
419 1254 618 1346 Ἀστάρτη”.
646 1260 686 1328 τὸ
702 1257 840 1328 ἐθνιυόν
855 1255 1071 1346 Ἀσταρταῖος
1087 1254 1108 1347 ἢ
1125 1254 1351 1348 Ἀσταρτίτης.

275 1377 315 1449 Ἀ
323 1378 512 1466 στελίβη,
535 1375 639 1459 πόλις
657 1376 808 1458 Λυδίας,
837 1375 975 1459 Ξάνθος
997 1377 1031 1446 ἓν
1052 1374 1191 1468 τετάρτη
1214 1380 1353 1446 Λυδια-

194 1506 272 1570 νιαῖν.
316 1495 349 1567 οἰ
371 1495 536 1579 οἰκοῦντες
551 1493 793 1582 Ἀστελεβαῖοι.
878 1541 881 1548 «

158 1647 184 1686 ιο
274 1615 473 1707 Ἀστερία,
496 1613 598 1697 πόλις
607 1615 742 1708 Συρίας.
768 1613 917 1698 [Ξάνθος
937 1615 972 1682 ἑν
988 1611 1128 1706 τετάρτη
1140 1620 1351 1700 Λυδιακῶν]

195 1739 328 1827 λέγεται
354 1736 411 1804 καί
432 1732 592 1823 Ἀστερίς.
636 1731 655 1802 ὁ
684 1732 823 1823 πολίτης
844 1731 1061 1823 Ἀστεριιότης
1088 1735 1145 1803 ιιαί
1169 1732 1352 1823 Ἀστέριος.

193 1855 265 1927 ἔστι
292 1857 349 1925 καί
378 1851 491 1944 νησίον
512 1850 667 1942 Ἀστερία
698 1854 823 1941 μεταξὺ
850 1852 1087 1944 Κεφαλληνίας
1123 1855 1180 1921 καὶ
1205 1850 1351 1941 Ἰθάκης.

184 1972 520 2067 ’ΌμηροςἈστερίόα
540 1973 661 2064 ταύτην
684 1977 785 2067 φησίν

322 2089 395 2160 ἔστι
416 2093 456 2161 δέ
475 2117 528 2174 τις
549 2099 649 2183 νῆσος
668 2094 776 2183 μέσση
798 2090 856 2162 άλί
877 2089 1065 2182 πετρήεσσα

155 2225 193 2266 1⁵·
318 2213 484 2301 μεσσηγὺς
501 2209 635 2300 Ἰθάκης
654 2237 691 2279 τε
713 2209 846 2298 Σάμοιό
867 2239 904 2282 τε
927 2214 1193 2300 παιπαλοέσσης,

314 2325 473 2421 Ἀστερίς,
496 2329 536 2400 οὐ
556 2329 695 2421 μεγάλη.

272 2445 508 2538 Ἀστέριον,
546 2448 649 2532 πόλις
682 2448 882 2530 Θετταλίας.
930 2449 1075 2540 Ὅμηρος
1118 2449 1180 2542 ασί
1206 2446 1248 2518 τ’
1278 2446 1352 2532 ἔλεον

188 2564 360 2657 Ἀστέριον
385 2567 545 2640 Τιτάνοιό
567 2598 603 2639 τε
625 2571 726 2642 λευκά
747 2566 907 2658 κάρηνα”.
941 2566 960 2658 ἡ
982 2574 1039 2638 νῦν
1054 2568 1229 2659 Πειρεσία.
1263 2568 1351 2638 οἱίται

193 2866 221 2920 3.
242 2855 384 2940 Λιβύης]
406 2867 465 2923 lino
483 2859 627 2946 Ἰβηρίας.
744 2861 835 2944 λἰιτῳ]
857 2885 881 2923 c.
903 2869 951 2923 33.
1067 2866 1094 2920 4.
1115 2859 1270 2941 περίπλιον
1292 2865 1326 2920 Η.
1428 2881 1431 2890 ’

192 2957 221 3013 5.
242 2949 349 3034 πρώτη
369 2962 402 3025 Α,
424 2951 453 3015 α’
473 2960 537 3017 RV.
638 2963 665 3016 6.
686 2957 741 3033 τῆς
760 2978 813 3036 pro
833 2956 890 3015 τοῦ
908 2959 944 3014 tt.
1042 2953 1159 3028 Βαζίου
1180 2955 1349 3022 Salmasius,

191 3044 310 3114 Βαξίοο
337 3050 410 3106 libri.
522 3047 704 3127 Πριονιοτὸν
723 3052 762 3118 Μ,
787 3043 961 3127 Τραόνοτον
979 3051 1015 3118 Β,
1038 3042 1213 3126 Τριόνωτσν
1232 3051 1292 3106 AV.
1314 3051 1350 3105 cs.

191 3141 313 3198 Ptolem.
334 3143 362 3211 4,
381 3146 410 3210 7,
430 3146 459 3201 5.
478 3140 557 3218 μετὰ
576 3137 738 3214 τὸΒάζιυν
758 3135 861 3219 ἄκρον,
883 3135 899 3199 ὃ
921 3137 1047 3219 εἴρηται,
1069 3136 1252 3218 Πριυνιυτὸν
1270 3135 1350 3215 ὄρος.

193 3234 390 3310 cognominem
417 3243 541 3291 montem
567 3235 597 3291 in
624 3235 730 3292 Arabia
753 3235 841 3293 selice
866 3235 944 3292 idem
964 3247 1103 3292 memorat
1129 3237 1156 3306 6,
1177 3238 1204 3303 7,
1230 3239 1276 3292 10.
1304 3235 1351 3291 ubi

192 3321 375 3401 Πριιόνοτον
394 3319 466 3406 ὄρος
477 3327 580 3396 editur,
600 3327 652 3385 sed
673 3328 872 3403 corrigendum
887 3320 1078 3405 Πριουιυτόν.
1099 3327 1276 3408 aptissimum
1298 3345 1351 3384 no·

191 3441 257 3480 men
277 3423 381 3479 montis
401 3422 572 3478 montiumve
588 3430 695 3478 tractus
710 3441 808 3480 serrae
819 3424 911 3480 instar
922 3423 1070 3498 fastigiati.
1094 3441 1148 3480 nec
1165 3419 1350 3476 omittendum

192 3534 297 3573 nomen
318 3516 375 3571 ioci
395 3510 514 3586 Πρίαιν,
536 3513 572 3571 (λε
593 3533 649 3591 quo
670 3515 772 3590 Polyb.
793 3519 820 3582 1,
838 3517 885 3584 85,
901 3519 933 3573 7:
954 3511 1021 3589 περί
1042 3509 1096 3572 τόν
1115 3506 1209 3570 τόπον
1228 3509 1352 3590 Πριόνα

190 3601 378 3681 καλούμενον
399 3597 435 3663 ὃν
455 3603 617 3680 συμβαίνει
642 3603 694 3663 <tat
720 3603 777 3684 τὴν
801 3600 968 3681 ὁμοιότητα
998 3601 1075 3684 πρὸς
1104 3600 1140 3664 τό
1166 3605 1220 3662 νῦν
1244 3597 1351 3663 καλοί·

189 3718 282 3774 μενον
301 3690 432 3776 ὄργανον
450 3692 565 3775 ταύτης
589 3695 758 3774 τετευχέναι
782 3701 839 3776 τῆς
863 3696 1080 3776 προσηγορίας.
1114 3709 1180 3754 nota
1205 3699 1272 3756 item
1300 3699 1351 3754 tti-

183 3811 347 3870 vspanorum
372 3793 508 3848 montium
530 3795 646 3850 nomIna
673 3793 796 3851 Sierra
816 3795 949 3861 Leona‚
975 3793 1096 3848 Sierra
1114 3791 1258 3848 Murena
1278 3801 1333 3848 etc.

192 3892 239 3944 10.
260 3880 378 3962 Συρίας
397 3885 506 3963 PpRV,
524 3883 654 3954 Λυδίας
675 3889 706 3943 Α.
748 3882 865 3960 Συρίας
885 3885 970 3942 etiam
991 3883 1158 3940 Eustathius
1178 3883 1289 3958 legerat
1315 3883 1352 3939 ad

192 3980 277 4036 Hom.
305 3999 335 4056 p.
355 3981 420 4046 332,
447 3981 494 4036 19.
523 3971 542 4054 ἡ
570 3976 605 4037 tt
628 3997 659 4056 γε
684 3973 826 4055 Ἀστερία
858 3967 1104 4053 οόχἛλληνική,
1136 3968 1213 4032 ἀλλὰ
1236 3973 1354 4051 Συρίας

191 4067 278 4139 πόλις
302 4067 394 4130 ἐστίν.
439 4069 507 4127 hinc
527 4073 676 4148 probabile
697 4071 741 4140 fit,
767 4071 874 4128 Xanthi
900 4071 1093 4128 testimoninm
1120 4069 1353 4146 estiperioribus

192 4173 300 4223 temere
321 4183 387 4222 esse
407 4164 578 4240 repetitum
601 4167 698 4240 itaque
720 4163 834 4221 seclusi.
984 4165 1030 4219 12.
1051 4158 1271 4240 Κεφαλληνίας
1291 4163 1354 4229 ttv,

191 4251 392 4334 Κεφαληνίας
410 4260 443 4312 Α.
567 4263 613 4316 13.
628 4249 778 4334 Ὅμηρος]
806 4255 864 4315 Od.
885 4257 912 4324 4,
933 4257 998 4314 844.
1130 4255 1175 4310 14.
1196 4251 1297 4334 μίσση
1317 4255 1353 4322 V,

189 4343 269 4426 μίση
290 4351 349 4406 AR.
467 4353 513 4407 15.
534 4369 565 4408 τε
587 4371 641 4407 om.
663 4351 737 4407 libri.
855 4354 901 4408 17.
916 4341 1066 4424 Ὅμηρος]
1090 4348 1120 4403 ΙΙ.
1141 4351 1168 4414 2,
1188 4351 1255 4405 735.

192 4433 226 4497 σί
247 4434 277 4496 ‹t'
299 4435 369 4514 ἕχον
388 4443 422 4500 R.
554 4448 600 4502 18.
621 4439 712 4500 λευκά
734 4438 784 4500 καί
811 4434 930 4517 κάρηνα
957 4443 991 4498 V.
1110 4436 1244 4516 Πιρεσία
1265 4441 1353 4508 attv,

193 4529 297 4609 Πρεσί
335 4530 377 4590 Π.
