2888 5070
761 270 835 344 322

222 451 318 548 “And
344 449 492 539 Ἰάμνου,
527 448 549 542 ἢ
578 451 630 521 ότι
661 448 798 535 ἶάμνους
828 448 967 522 ἐκάλουν
1000 452 1077 532 τούς
1106 447 1296 539 καθύγρους
1325 453 1384 520 καί

219 569 408 662 τεθηλότας
430 567 593 652 ιόπους”.
626 571 665 639 τό
689 573 825 640 ἐθνικδν
848 568 918 640 ἔδει
937 567 1135 658 Ἰαμνιάτης.
1170 567 1242 638 ἔστι
1265 569 1382 638 δὲκαὶ

216 689 380 780 Ἰαμνίτης
408 686 487 758 καθ’
515 687 636 777 ῦῳεσιν
663 695 725 759 τοῦ
752 691 785 758 ἆ.
828 690 871 758 τά
899 694 978 777 γοῦν
1010 686 1088 757 καθ’
1118 687 1240 778 ῦῳεσιν
1271 693 1332 758 τοῦ
1361 691 1384 758 ἆ

222 811 280 879 διά
304 805 496 900 διῳθόμγου
519 805 584 876 εἶσί
607 809 694 897 πλὴν
715 814 775 877 τοῦ
793 805 955 897 Ἰαμνίτης
976 809 1033 875 καί
1054 813 1115 876 τοῦ
1137 808 1316 897 Δαυνίτης.

199 971 211 1010 ⁵
297 920 448 1014 Ἰαμοι,
477 926 629 1010 Σκυθίας
658 925 819 1007 ἔθνος...
843 923 889 1008 ὡς
915 925 1135 1017 Ἀλέξανδρος
1161 929 1196 996 ἐν
1224 934 1272 1017 τῷ
1303 929 1382 1019 περὶ

221 1046 381 1130 Εὐξείνου
409 1044 536 1116 πόντου
556 1048 752 1135 μυόολογεῖ.

300 1164 449 1246 Ἰαπίς,
481 1163 634 1254 χαράδρα
664 1161 795 1252 Ἀττικά
834 1163 882 1245 εἰς
916 1167 1064 1254 Μέγαρα
1100 1162 1298 1256 άπάμουσα,
1335 1162 1381 1248 ὥς

221 1283 438 1370 Καλλίμαχος
454 1280 589 1376 Ἑκάλῃ.

303 1402 503 1485 Ἰάποδες,
531 1401 633 1484 ἔθνος
657 1400 820 1472 Κελτικόν
843 1402 928 1489 πρὸς
949 1407 991 1492 τῇ
1014 1398 1173 1496 Ἰλλυρίᾳ,
1196 1403 1381 1487 Διονύσιος

184 1558 210 1596 ω
223 1520 458 1612 ἑκκαιδεκάτῳ.

303 1641 504 1733 Ἰαπυγία,
533 1638 594 1711 δῦο
625 1639 758 1723 πόλεις,
786 1639 848 1726 μία
877 1640 911 1707 ἒν
932 1644 974 1729 τῇ
997 1637 1124 1730 Ἰταλίᾳ
1146 1642 1203 1710 καὶ
1225 1640 1322 1733 ἑτέρα
1346 1641 1380 1712 ἐν
1404 1645 1407 1651 “

220 1769 261 1856 τῆ
281 1761 452 1853 Ἰλλυρίδι,
483 1756 529 1841 (ῦς
546 1757 730 1842 Ἑκαταῖος.
774 1759 813 1828 τὸ
842 1760 977 1830 ἑδνικδν
997 1757 1113 1842 Ἰᾶπυξ
1133 1762 1190 1830 καί
1207 1758 1379 1849 Ἰαπόγιος

222 1885 279 1955 καί
305 1880 469 1971 Ἰαπυγία.
1283 1871 1287 1880 ’

304 1998 525 2091 Ἰάρδανος,
549 2001 703 2086 ποταμός
725 1998 872 2079 Λυδίας.
904 1996 1049 2087 Ὅμηρος
1073 1997 1269 2092 αἸορδάνου
1292 1996 1381 2090 ἀμφὶ

183 2151 208 2192 ιτ
222 2116 388 2211 ῥέεθρα”.
421 2117 456 2188 οἱ
477 2117 643 2200 οἰκοῦντες
661 2115 856 2209 Ἰαρδάνιοι.

305 2235 399 2319 Ἰάς,
423 2232 586 2326 Ἰλλυρίας
606 2238 718 2328 μέρος.
764 2234 797 2304 οἱ
819 2235 986 2316 οἰκοῦντες
1008 2232 1125 2304 Ἰῦται.
1169 2237 1301 2324 λέγεται
1324 2237 1380 2305 καί

218 2355 400 2427 Ἰωνικοί.

297 2470 448 2558 Ἴασος,
475 2473 578 2556 πόλις
600 2474 733 2567 Καρίας
755 2475 788 2543 ἓν
812 2471 976 2564 ὁμωνύμῳ
999 2471 1087 2563 νήσῳ
1108 2474 1256 2562 κειμένη,
1280 2469 1300 2562 ἡ
1324 2474 1381 2542 καί

223 2594 387 2678 ὀξυτόνως
405 2595 575 2684 λεγομένη.
609 2590 628 2664 ό
646 2591 785 2682 πολίτης
808 2590 909 2683 αὐτῆς
926 2589 1062 2675 Ἰασεύς,
1085 2590 1143 2684 ἀφ’
1162 2583 1201 2662 οὗ
1216 2592 1380 2681 Χοιρίλος

183 2744 210 2784 νυ
222 2716 285 2786 ἒών
303 2712 438 2796 Ἰασεῦς.
463 2709 573 2783 ’Ἰασο
580 2741 598 2794 ς
620 2714 658 2782 δὲ
679 2713 718 2780 τό
732 2707 852 2801 Ἄργος
873 2713 930 2779 καί
949 2709 1068 2780 Ἰάσιοι
1089 2709 1122 2779 οἱ
1137 2717 1379 2792 κατοικοῦντες.

302 2831 330 2902 Ἰ
334 2831 414 2902 άων
436 2834 492 2902 καὶ
509 2830 560 2922 Ἰή
568 2858 629 2899 ων.
668 2831 725 2898 καὶ
745 2835 834 2919 ῥῆμα
857 2828 1003 2913 ίαονίζω,
1027 2827 1085 2920 ἀφ’
1109 2823 1209 2902 οὖτά
1234 2829 1380 2902 ίαονιστί

221 3113 335 3192 loseph.
356 3113 392 3172 de
415 3115 471 3172 vita
490 3133 543 3172 sua
562 3135 593 3192 p.
607 3117 653 3172 18.
670 3105 805 3189 Ἰάμνεια
825 3113 901 3172 Bell.
922 3112 984 3171 lud.
1002 3119 1016 3172 1
1038 3135 1068 3194 p.
1086 3119 1133 3174 69.
1152 3107 1287 3188 Ἰαμνιάς
1310 3117 1381 3176 11).4

220 3229 250 3286 p.
262 3212 330 3267 297.
408 3212 456 3266 20.
469 3197 636 3282 Στράβων]
659 3211 695 3266 16
716 3228 746 3285 p.
760 3211 827 3267 759.
907 3212 935 3264 2.
950 3199 1125 3282 Ἰαμνιάτης
1145 3205 1208 3276 BH,
1224 3200 1381 3286 Ἰαμνίτης

222 3301 296 3358 libri.
385 3302 414 3357 4.
435 3295 493 3358 είσί
513 3319 569 3357 om.
590 3301 627 3358 R.
708 3292 861 3376 Ἰαμνίτης
880 3299 943 3368 RV,
959 3292 1090 3374 Ἰμνίτης
1110 3303 1144 3358 A.
1221 3297 1381 3378 Δυυνίτης

221 3393 262 3460 Β,
287 3387 451 3468 Διιμνιίης
475 3393 515 3462 R,
546 3389 685 3469 Λανίτης
710 3394 776 3462 AV,
804 3387 966 3466 Ἐλαυίτης
991 3393 1130 3450 Gavelius
1158 3403 1186 3451 et
1210 3404 1278 3472 post
1303 3393 1381 3451 hunc

221 3485 412 3542 LDindorfius
424 3485 516 3543 Thes.
528 3485 563 3543 L.
577 3487 614 3542 G.
628 3507 651 3542 s.
664 3505 689 3545 v.
704 3479 841 3543 Ἔλαυία.
920 3491 948 3544 5.
963 3485 1094 3542 lacunam
1115 3486 1240 3544 indicavi
1260 3497 1382 3566 propter

220 3577 399 3653 μυθολογεΐ.
420 3577 593 3649 Alexander,
614 3581 726 3658 opinor,
746 3579 853 3636 lamum
874 3578 1016 3656 Apollinis
1035 3577 1123 3634 filium
1144 3579 1286 3636 lamorum
1307 3598 1381 3656 gen-

221 3671 257 3727 tis
278 3680 423 3727 auctorem
444 3669 565 3728 dixerat.
643 3675 671 3728 6.
693 3663 826 3752 Εὐξείνῳ
846 3665 949 3752 πόντῳ
969 3671 1006 3729 V.
1089 3677 1117 3730 8.
1138 3665 1238 3730 ἕκάλει
1257 3673 1295 3741 V,
1314 3664 1380 3730 ἓκά·

221 3759 263 3818 λιι
283 3763 319 3828 R,
340 3753 432 3837 ε’κιίλη
452 3764 486 3818 A.
593 3770 639 3822 11.
660 3756 749 3832 πόλις
768 3764 804 3820 V.
908 3764 954 3822 14.
973 3757 1099 3832 Ἠλείας
1119 3765 1284 3823 dubitanter
1304 3767 1342 3822 H.

214 3843 363 3928 Ὅμηρος]
391 3854 563 3922 ΙΙ.7,135.
589 3858 637 3914 ubi
657 3876 683 3915 v.
706 3857 798 3932 Heyn.
916 3859 963 3914 15.
984 3850 1013 3912 οἱ
1039 3853 1191 3925 οἰκοῦντες
1213 3848 1380 3930 Ἰαρδάνιοι

222 3964 276 4000 om.
301 3946 337 4002 R.
462 3951 507 4004 17.
530 3942 661 4007 Ἰωνικοί
683 3951 724 4020 R,
751 3941 869 4026 Ἰωνική
895 3950 957 4006 AV.
1081 3953 1126 4007 18.
1148 3942 1271 4016 Ἰασσός
1301 3950 1381 4020 libri;

220 4058 245 4097 v.
267 4037 372 4095 Naekii
394 4036 498 4096 Choer.
519 4059 548 4116 p.
569 4041 618 4100 41.
737 4037 820 4123 νήσῳ
842 4062 897 4100 om.
918 4042 954 4098 V.
1075 4048 1121 4101 19.
1143 4033 1238 4116 αὐτῆς
1261 4035 1381 4109 Ἰασεύς

218 4155 359 4221 Νυείιὶοε,
380 4144 474 4220 αὐτὸς
490 4146 628 4223 Ἰασσεάς
647 4159 709 4226 AV,
726 4151 863 4226 Ἰασσεός
883 4159 945 4216 sine
966 4151 1063 4234 αὐτῆς
1083 4160 1118 4215 R.
1230 4109 1380 4238 Χοιρίλος

218 4248 253 4316 R,
274 4243 441 4322 Χοιριλλος
459 4247 520 4302 AV.
600 4244 732 4324 υο.1ὠν]
751 4240 794 4308 ὢν
813 4250 934 4319 Pinedo,
954 4236 992 4325 ἦν
1012 4245 1183 4310 όΝαεΙιίιιε.
1259 4245 1378 4321 Ἰασεύς

217 4341 251 4408 R,
270 4329 407 4405 Ἰασοεῦς
426 4337 488 4412 AV.
585 4329 689 4410 Ἴασος
709 4338 743 4399 δὲ
762 4336 797 4400 τό
812 4334 933 4420 Ἄργος]
954 4343 1004 4400 V..
1013 4344 1155 4402 Naekium
1177 4345 1196 4402 l.
1217 4344 1235 4400 1.
1257 4365 1288 4424 p.
1310 4347 1358 4405 43.

215 4437 263 4491 21.
285 4425 419 4487 ἰασνιστί
434 4432 497 4502 AV,
517 4426 671 4491 Ῑασιονιτί
687 4436 723 4507 R,
743 4431 860 4493 ίανιστί
877 4435 912 4504 Χ,
938 4433 1060 4493 ίωνιστί
1078 4437 1113 4494 Η.
