2902 5070
760 292 838 365 278

302 479 625 568 Ἓρμοτνμβιεῖς,
656 477 759 562 μοῖρα
786 473 853 537 τῶν
879 463 1031 552 μαχίμων
1059 463 1093 532 ἒν
1120 459 1304 552 Αἰγύπτῳ,
1334 458 1382 542 ὡς

219 594 458 694 Ἀρισταγόρας
479 594 514 664 ἐν
528 591 772 682 Αἰγυπτιακῶν
787 583 915 676 πρώτῃ.
949 582 983 653 οἰ
998 581 1095 654 αύτοί
1112 578 1381 670 Καλασίρεις.

303 715 445 806 Ἕρμού
472 709 634 793 πεδίον,
661 707 769 788 τόπος
789 701 932 793 πλησίον
953 699 1084 792 Κύμης,
1106 696 1255 792 Ἔφορος
1278 695 1382 770 δκτω-

226 831 417 924 καιδεκάτῃ.
460 827 480 900 ό
509 828 649 918 τοπίιης
674 821 917 918 Ἑρμοπεδιεύς
949 823 1006 892 καί
1029 816 1296 910 Ἓρμοπεδιανύς
1326 818 1384 886 καί

201 953 292 1025 τόσα
315 951 437 1022 πεδίου
459 945 591 1018 ἐθνικά.

307 1067 593 1158 Ἑρμούπολις,
620 1061 801 1152 Αἰγύπτου
823 1059 935 1141 πόλις.
973 1056 1188 1149 Ἡρωδιανὸς
1210 1054 1273 1127 δύο
1296 1051 1383 1125 εἰναι

228 1192 328 1279 λύγοι,
350 1190 408 1258 καὶ
426 1183 572 1275 μεγάλην
593 1185 649 1252 καί
669 1178 800 1270 μικράν.
834 1181 891 1249 καί
912 1176 940 1268 γ’
963 1175 1031 1246 κατ’
1048 1174 1241 1263 Αἴγυπτον.
1274 1176 1332 1244 καί
1353 1171 1382 1244 δ’

228 1309 312 1378 κατὰ
331 1312 470 1390 Θμοῦιν.
505 1304 561 1371 καί
577 1299 601 1371 ε’
622 1302 681 1370 ε’πί
693 1304 754 1368 τοῦ
770 1302 937 1383 ποταμοῦ.
971 1298 1027 1366 καί
1044 1295 1072 1380 ς’
1092 1294 1128 1366 ἐν
1144 1300 1206 1384 Κῷ
1222 1297 1264 1385 τῇ
1281 1290 1383 1384 νήσῳ.

228 1427 284 1494 καὶ
307 1423 333 1510 ζ
356 1425 391 1494 ἐν
406 1419 577 1513 Ἀρκαδίᾳ.
613 1416 631 1489 ὁ
650 1417 790 1507 πολίτης
800 1413 1061 1509 Ἕρμεοπολίτης
1075 1416 1130 1484 καὶ
1140 1410 1385 1501 Ἕρμοπολίιης

190 1562 218 1600 1⁰
310 1537 589 1630 (Ερμιόνασσα,
617 1543 717 1627 νῆσος
743 1533 861 1625 μικρά,
891 1533 994 1604 πόλιν
1016 1533 1146 1619 ἔχουσα,
1168 1534 1204 1604 ἐν
1224 1538 1271 1622 τῷ
1295 1540 1385 1618 Kau-

227 1658 331 1750 μερίῳ
353 1654 530 1746 Βοσπόρῳ,
549 1652 668 1724 ’ἱιύνων
690 1649 845 1736 άποικον,
869 1649 915 1734 ὡς
937 1649 956 1724 ὃ
979 1649 1189 1742 περιηγνγτής.
1222 1649 1345 1742 ταύτην
1364 1647 1384 1720 ὁ

228 1775 376 1862 Σκύμνος
396 1777 454 1844 καί
468 1771 714 1864 εΙίρμιύνειαν
734 1776 840 1842 καλεῖ.
871 1767 1029 1861 Στράβων
1044 1772 1079 1840 ἐν
1094 1769 1222 1862 ἑβδόμῃ
1239 1767 1385 1862 Ἑρμιό-

229 1922 373 1975 νακτος
394 1890 526 1982 κιόμην
547 1891 640 1983 φησί.
680 1892 867 1972 Μένιππος
884 1891 923 1959 δύ
935 1887 1058 1978 χωρίον
1078 1893 1331 1982 Τραπεζοῦντος
1351 1888 1386 1959 ἰν

229 2011 386 2104 περίπλῳ
406 2015 472 2079 τῶν
490 2008 551 2080 δύο
567 2009 711 2081 πάντων.
740 2007 915 2090 Ἑκαταῖος
931 2009 1042 2078 δὲκαὶ
1060 2006 1269 2094 Θεόπομπος
1283 2006 1389 2079 πόλιν

192 2155 218 2194 ιι
231 2128 333 2221 αἰπήν
361 2155 477 2220 φασιν.
521 2127 593 2199 άπδ
622 2127 855 2219 Ἑρμωνάσσης
886 2127 926 2196 τδ
954 2124 1092 2199 ἰθνικδν
1117 2127 1389 2220 Ἕρμωνασσαῖος

230 2244 519 2338 ἢἝρμωνάσσιος
546 2245 592 2330 ὡς
612 2244 850 2335 Συρακόσσως.

308 2365 555 2456 Ἕρμωνθις,
577 2363 680 2447 πόλις
701 2362 896 2453 Αἰγύπτου,
919 2360 966 2445 ὡς
987 2362 1185 2457 Μώμεμφις
1205 2367 1390 2450 Μένουθις

233 2486 437 2576 Θέρμουθις.
470 2483 528 2577 ἀφ’
544 2476 583 2576 ἧς
599 2485 685 2565 Ζεύς
694 2481 922 2574 Ἑρμωνθύτης
938 2484 996 2551 καί
1009 2480 1198 2555 Ἀπόλλων.
1227 2484 1389 2578 Στράβων

232 2601 517 2694 ἑπτακαιδεκάτῳ.
553 2600 611 2695 ἀφ’
636 2594 676 2692 ἧς
697 2603 755 2672 καί
775 2601 878 2688 νομάς
895 2597 1133 2691 Ἕρμωνθίτης.
1169 2600 1242 2672 ἔστι
1264 2601 1297 2673 δ’
1320 2605 1391 2674 ἐκεῖ

192 2717 431 2804 ουκοίἺσιδος
451 2719 550 2814 ἰερόν.

230 3017 468 3098 2.](αλασ1ρεις
493 3023 626 3100 Cuperus
652 3023 724 3097 Syll.
744 3022 837 3099 Epist.
857 3025 876 3078 2
901 3042 931 3100 p.
952 3026 1024 3093 690,
1049 3019 1100 3081 καὶ
1119 3020 1285 3101 Λαβαρεῖς
1310 3027 1386 3086 libri.

232 3115 260 3170 6.
276 3105 464 3189 Ἡροδιανδς
482 3114 520 3183 V,
536 3108 709 3191 Ἡρόδοτος
727 3115 763 3172 R.
862 3118 891 3172 8.
914 3109 1035 3189 Θμοῦιν
1054 3117 1090 3185 H,
1113 3113 1251 3192 Θμοῦνιν
1269 3119 1305 3188 R,
1322 3113 1387 3178 ‘Pv-

229 3205 323 3280 μούιν
342 3206 404 3263 AV.
502 3213 529 3266 9.
551 3203 602 3264 καί
617 3193 842 3284 ςΕρμοπολύτης
861 3207 930 3266 add.
951 3208 1015 3267 RV.
1114 3215 1160 3268 11.
1182 3201 1310 3279 άποικος
1329 3213 1366 3271 Β.

230 3291 246 3356 ὃ
267 3318 323 3357 om.
338 3298 376 3357 V.
453 3291 649 3376 περιηγητής]
669 3299 755 3356 Dion.
768 3303 835 3358 552.
857 3301 906 3356 ubi
926 3318 1000 3375 quae
1019 3302 1186 3359 Eustathius
1207 3322 1243 3362 ex
1262 3306 1387 3364 Arriano

231 3389 324 3460 affert,
345 3389 486 3448 debentur
504 3393 567 3450 sine
586 3391 675 3450 dublo
692 3391 851 3469 Stephano.
873 3401 939 3449 sunt
958 3402 1053 3452 autem
1073 3394 1160 3454 haec:
1177 3390 1386 3474 Ἑρμώνασσα

232 3476 280 3537 lul
309 3475 516 3562 Ἕρμωνάσσῃ
545 3483 585 3564 τῇ
613 3481 733 3562 γοναικί
758 3477 946 3560 Σημάνδρου
971 3481 1190 3562 Μιτυληναίου
1220 3481 1317 3559 τινάς,
1349 3474 1387 3548 ού

230 3590 317 3641 τινας
340 3573 403 3631 τῶν
426 3571 569 3634 Αἰολέων
593 3574 636 3645 εἰς
660 3569 803 3634 ἀποικίαν
826 3569 1080 3652 μεταστήσαντος
1104 3575 1155 3636 καὶ
1179 3572 1335 3651 θανόντος
1353 3581 1387 3642 ἐν

230 3661 275 3741 τῷ
294 3663 351 3739 τῆς
369 3658 486 3736 πόλεως
504 3666 650 3750 οἰκισμῷ,
676 3663 790 3748 ἦγονὴ
816 3667 872 3745 τῆς
895 3687 927 3727 τε
954 3661 1071 3738 πόλεως
1094 3667 1244 3750 ἐγκρατὴς
1268 3671 1385 3752 ἐγένετο

230 3750 281 3810 καί
294 3749 329 3814 τδ
343 3748 456 3834 ἑαυτῆς
467 3751 565 3836 ὄνομα
578 3763 617 3842 τῇ
630 3755 714 3819 πόλει
727 3756 865 3820 ἐπύθετο.
946 3755 1202 3840 12.Ἔρμιύνειαν]
1218 3766 1255 3824 V.
1266 3768 1384 3844 Scymn.

229 3845 296 3904 Per.
316 3867 346 3925 p.
359 3849 436 3908 XVl.
514 3849 546 3912 lv
564 3854 633 3913 add.
654 3855 690 3913 R.
769 3847 900 3932 ἑβδόμῃ]
920 3875 951 3933 p.
972 3858 1039 3912 306.
1118 3858 1164 3915 14.
1179 3847 1310 3928 Ἓκατος
1329 3864 1366 3920 R.

230 3942 276 3998 15.
288 3957 384 4018 φησιν
402 3941 438 3998 R.
516 3941 551 4004 τὸ
565 3941 689 4005 ἐθνικδν
707 3941 743 4004 τδ
758 3952 954 4020 μανασσαῖος
966 3948 1030 4005 RV.
1109 3954 1156 4009 16.
1170 3942 1385 4027 Συρακόσσιος

228 4031 293 4100 RV,
313 4027 525 4109 Συρακούσιος
545 4040 577 4094 Α.
598 4031 787 4112 Συράκουσαι
807 4050 837 4099 et
850 4032 1066 4116 Συρακόσσιος
1084 4046 1188 4121 probat
1202 4044 1384 4104 Herodianus

229 4133 302 4183 teste
319 4123 508 4200 Theognosto
521 4127 613 4189 Bell.
627 4153 656 4210 p.
670 4134 755 4191 1421.
770 4127 979 4208 Σοράκουσσα
1000 4144 1095 4193 autem
1115 4136 1219 4194 Arcad.
1230 4156 1264 4214 p.
1277 4141 1325 4208 97,
1338 4143 1383 4198 18.

228 4235 276 4291 17.
291 4207 452 4307 Ἕρμιίθις
470 4237 506 4304 R,
529 4225 683 4316 εἘρμηθις
703 4241 740 4296 V.
857 4247 904 4302 18.
928 4237 1109 4321 Θέρμουθις
1128 4245 1165 4315 Η,
1199 4241 1385 4324 Τιρύνουθις

227 4323 303 4381 libri.
401 4319 553 4402 Στράβων
572 4326 605 4388 δὲ
625 4332 689 4389 RV.
789 4339 835 4395 19.
856 4328 1105 4420 ἑπτακαιδεκάτῳ
1127 4335 1171 4418 (p.
1192 4339 1263 4416 817)
1284 4341 1320 4410 Β,
1340 4333 1381 4400 ἕκ-

227 4410 399 4498 καιδεκάτῳ
418 4420 452 4489 Α,
472 4411 511 4487 ις’
530 4422 594 4481 RV.
