2888 5070
622 271 692 344 αα
721 275 722 278 ‘

76 455 116 524 τό
143 453 282 523 ίθνικὸν
304 447 478 543 [Ἰστρος],
506 452 564 520 καί
590 453 743 541 κτητικόν
766 449 939 543 Ἰστρικός,
969 449 1016 536 ὡς
1043 455 1082 524 τό
1108 461 1236 545 Ταῦροι

80 568 256 661 Ταυρικός.

152 686 322 782 Ἰστρος,
346 687 448 772 πόλις
462 685 604 778 Κρήτης,
621 682 661 778 ἢν
677 685 919 784 Ἀρτεμίδωρος
938 667 1123 782 Ἰστρῶνιί
1139 717 1234 784 φησι.

76 813 214 897 δευτέρα
235 805 339 888 πόλις
351 802 506 896 Ἰστρος
527 809 562 877 ἐν
576 812 623 896 τῷ
639 804 771 898 Πόντῳ.
804 811 843 878 τό
865 805 1159 901 ἐθνικόνἸστριος
1179 815 1236 881 καί

71 926 239 1015 Ἰστριεός.
270 923 445 1017 Ἀρριανὸς
468 927 506 996 δὲ
524 923 699 1012 Ἰστρίαν
722 921 768 1007 ὥς
789 925 924 1013 Ὀλβίαν
945 925 1049 1018 αὐτόν
1064 952 1159 1020 φησι.
1194 931 1260 1000 τότ
1291 943 1292 948 ’

75 1045 213 1117 ἔθνικόν
240 1041 360 1134 ταύτης
389 1042 571 1135 Ἰστριανός
603 1041 649 1127 ὡς
680 1043 871 1134 Ὀλβιανός,
908 1047 965 1115 καί
993 1047 1078 1116 κατὰ
1106 1048 1234 1138 τροπήν

65 1163 249 1253 Ἰστριηνός
272 1159 373 1254 λιμήν
394 1164 451 1231 καί
474 1159 663 1253 Ἰστριανίς,
686 1167 851 1254 θηλυκῶς.
895 1164 986 1257 τρίτη
1009 1169 1110 1256 νῆσος
1132 1162 1234 1234 πόλιν

74 1279 251 1369 ὁμώνυμον
279 1281 401 1367 ἔχουσα
431 1280 517 1349 κατὰ
546 1282 585 1352 τό
617 1279 783 1373 Τριόπιον
811 1290 870 1374 τῆς
897 1283 1051 1367 Κνιδίας.
1094 1281 1233 1372 τετάρτη

74 1398 176 1484 πόλις
196 1407 256 1490 τῆς
274 1398 455 1489 Ἰαπυγίας,
478 1394 525 1481 οὖς
537 1394 686 1492 ’Ἔφορος
707 1399 846 1492 εἰκοστῷ
868 1400 985 1492 ἐνάτῳ.

157 1514 433 1610 Ἰστιόνη,’όρος
456 1520 616 1609 προσεχὲς
636 1526 678 1611 τῇ
692 1518 856 1612 Κερκόρη.
896 1519 1103 1610 Θουκυδίδης
1123 1517 1231 1610 τρίτη·
1244 1557 1270 1596 20

73 1640 112 1710 τό
134 1640 271 1710 ἕθνικόν
294 1635 480 1719 Ἰστωναῖος
502 1635 548 1721 ὡς
573 1646 776 1727 Τορωναῖος.

157 1756 324 1840 Ἰταλία,
356 1755 376 1848 ἡ
402 1754 510 1848 χώρα,
538 1756 609 1828 ἀπό
633 1756 778 1840 Ἰταλοῦ,
810 1756 829 1848 η
859 1759 937 1848 πρὶν
958 1753 1148 1828 Αὔσονία
1177 1760 1234 1827 καί

74 1883 115 1949 A
123 1875 238 1947 ιἰσονί
244 1905 271 1958 ς.
302 1878 340 1947 τό
360 1877 498 1948 ἕθνικόν
511 1877 641 1962 Ἰταλός
654 1879 711 1947 καὶ
722 1875 852 1959 Ἰταλίς.
886 1873 957 1947 ἀπὸ
974 1879 1012 1948 δὲ
1029 1883 1090 1947 τοῦ
1108 1875 1234 1946 Ἰταλία

73 1997 115 2066 τό
143 1993 330 2085 Ἰταλιοίτης
357 1992 403 2079 ὡς
430 1994 635 2087 Κιλικιαίτης
664 1995 836 2086 Φθιώτης.
879 1996 921 2066 τί
939 1998 977 2067 δὲ
1006 1998 1165 2089 διαφέρει
1192 1998 1231 2066 τό

69 2113 197 2196 Ἰταλός
225 2119 286 2184 τοῦ
309 2111 518 2199 Ἰταλιώτου,
547 2117 581 2186 ἒν
608 2121 655 2207 τῷ
681 2121 762 2209 περὶ
782 2113 939 2197 Σικελίας
968 2113 1147 2206 εἰρήσεται.
1191 2116 1230 2184 τό
1245 2146 1269 2186 ιι
1310 2153 1311 2156 “

73 2237 224 2324 θηλυκόν
241 2232 433 2318 Ἰταλιῶτις.
467 2237 523 2304 καί
541 2232 709 2317 Ἰταλιεός,
733 2231 779 2317 ὡς
800 2240 861 2305 τοῦ
877 2233 1035 2307 Αίσονία
1057 2236 1096 2303 τό
1111 2231 1231 2305 Αὔσο-

74 2350 174 2436 νιειίς.
217 2356 274 2423 καί
301 2353 486 2439 ίταλιάζειν
513 2360 612 2446 ῥῆμα.
656 2354 714 2422 καί
737 2351 901 2435 Ἰταλικός
928 2355 967 2424 τό
997 2355 1149 2443 νικητικόν
1174 2355 1232 2423 καί

69 2469 303 2555 Ἰταλιωτικός.
339 2471 412 2544 ἔστι
432 2475 490 2544 καί
508 2470 709 2542 Ἰταλικόν
729 2470 850 2562 χωρίον
871 2471 1037 2554 Σικελίας.
1079 2470 1153 2542 ἔστι
1174 2473 1232 2540 καί

70 2588 242 2681 Ἰταλίκη
260 2589 363 2674 πόλις
375 2591 528 2684 Ἰβηρίας.
558 2595 597 2664 τό
612 2592 751 2662 ἐθνικὸν
764 2587 984 2680 Ἰταλικήσιος
998 2592 1055 2659 καί
1069 2587 1230 2677 Ἰταλικη-

74 2709 144 2780 σία.
169 2711 319 2780 ἐκαλεῖτο
342 2709 362 2801 ἦ
384 2709 476 2802 χοίρα
496 2712 555 2780 καί
578 2707 780 2800 Οἰνωτρία
801 2709 857 2778 καί
874 2705 1078 2797 Ἑσπερία.
1184 2779 1187 2785 ,
1241 2741 1268 2778 ω

157 2825 324 2912 Ἰτανός,
351 2829 452 2912 πόλις
473 2831 508 2900 ἐν
529 2824 660 2920 Κρήτη,
683 2825 754 2898 ἀπὸ
774 2825 901 2896 Ἰτανοῦ
925 2826 1097 2909 Φοίνικος,
1121 2821 1229 2918 ἢτῶν

72 2943 259 3038 Κουρήτων
280 2945 353 3032 ἑνός
371 2947 526 3040 μιγιίδος.
565 2945 597 3018 oi
620 2949 759 3018 πολῖται
777 2943 925 3017 Ἰτόνιοι.
959 2943 1032 3016 ἔστι
1052 2947 1110 3016 καί
1131 2940 1228 3038 όκρα.

72 3239 102 3292 1.
115 3227 236 3312 Ἴστρος
256 3235 325 3294 add.
345 3235 385 3293 M.
478 3232 528 3292 καί
549 3231 691 3311 κτητικόν
709 3254 765 3294 om.
785 3237 821 3294 Β.
905 3223 1054 3309 Ἰστρικός
1072 3232 1107 3301 Β,
1125 3225 1228 3308 Ἰστρι-

70 3327 134 3394 κῶς
152 3329 188 3396 R,
205 3321 353 3406 Ἰστρικόν
371 3327 434 3385 AV.
524 3331 553 3384 2.
577 3327 741 3404 Ταυρικιῦς
758 3329 822 3387 RV.
920 3331 947 3385 3.
967 3317 1069 3399 πόλις]
1088 3318 1229 3398 ποταμός

70 3420 108 3478 Β.
193 3413 352 3498 Ἰστρῶνα]
375 3423 449 3478 Hine
466 3413 631 3493 Ἰστριόνιοι
651 3421 680 3477 in
700 3421 783 3478 titulo
804 3420 881 3498 apud
903 3419 1032 3478 Boeckii.
1053 3436 1101 3475 no.
1122 3416 1208 3476 3048.

69 3512 99 3570 λ.
111 3515 140 3570 5.
161 3507 196 3571 τό
216 3509 341 3572 maxim
358 3545 397 3556 --
413 3505 559 3590 Ἰστριεός
579 3522 645 3570 ante
665 3508 793 3590 δευτέρα
812 3511 1039 3590 transponenda.
1137 3513 1166 3569 5.
1187 3502 1229 3576 ὡς

66 3599 196 3678 Ὀλβίαν
212 3600 345 3682 Ἰστρίαν
363 3607 399 3664 Β.
509 3611 537 3663 ii.
558 3597 673 3680 ταύτης
692 3604 727 3672 Β,
748 3599 862 3662 ταύτὸν
881 3606 917 3663 R.
1024 3596 1171 3680 Ἰστρινός
1190 3603 1226 3659 V.

68 3701 99 3756 7.
118 3689 257 3774 θηλυκόν
276 3699 312 3756 Β.
391 3691 478 3768 πόλις
498 3700 534 3756 R.
619 3701 648 3756 8.
669 3691 705 3754 τὸ
726 3696 795 3755 add.
816 3698 853 3754 V.
942 3703 988 3756 10.
1008 3694 1110 3776 τρίτη]
1131 3717 1156 3754 c.
1177 3700 1226 3755 85.

69 3794 118 3848 11.
141 3787 330 3866 Τοροναΐνος
348 3792 384 3848 Β
470 3791 517 3849 1⁴.
538 3782 723 3864 Κιλικιιότης
746 3782 896 3865 Φθιιότης
915 3791 952 3859 R,
975 3784 1124 3866 Φθνιότης
1143 3787 1226 3848 Κιλι-

69 3875 181 3957 κιιότης
200 3881 237 3950 V,
261 3875 411 3960 Φθαότης
426 3880 477 3940 καὶ
492 3874 602 3956 λιαίτης
622 3886 655 3948 Α,
676 3873 859 3956 Σικελιώτης
874 3877 1024 3956 Φθιιότης
1037 3883 1226 3940 Schubartus.

69 3983 148 4032 reete
168 3975 224 4052 legi
246 3973 358 4032 videtur
376 3967 571 4049 Κιλικιαίτης,
592 3991 764 4050 quamquain
785 3975 854 4031 alibi
873 3994 930 4031 non
951 3976 1073 4034 obvium.
1096 3975 1133 4031 cf.
1155 3995 1179 4032 s.
1201 3993 1226 4032 v.

67 4063 251 4135 Κασταλία,
273 4059 360 4136 πόλις
380 4064 532 4135 Κιλικίας.
557 4062 593 4124 τὸ
614 4061 737 4124 λθνικόν
756 4059 991 4142 Κασταλιαίτης.
1012 4061 1028 4125 ὁ
1049 4060 1145 4134 τόπος
1163 4071 1229 4134 τοῖς

68 4153 171 4226 Κίλιξι
192 4152 341 4236 συνήθης.
367 4160 444 4218 adde
466 4151 647 4234 Μαλλώτης
667 4169 696 4216 et
714 4152 900 4236 Λαμιιιίτης.
1018 4163 1064 4218 15.
1085 4154 1228 4215 Σικελίαν

68 4249 108 4307 V.
183 4256 228 4308 18.
239 4246 384 4322 Ἰταλιειίς
396 4254 566 4322 Salmasius,
584 4244 716 4320 Ἰταλεός
730 4253 804 4311 libri.
879 4259 926 4312 18.
938 4246 1071 4318 Ἰταλίας
1083 4252 1147 4308 ΒΗ.
1163 4251 1228 4310 vide

68 4343 107 4402 nd
130 4337 290 4402 Σινόεσσα.
371 4353 418 4406 19.
433 4340 564 4420 Ἰταλίκη
585 4347 621 4413 Β,
637 4337 769 4422 Ἰταλική
789 4346 864 4404 libri.
942 4349 989 4402 22.
1002 4335 1144 4418 μηίίόοις
1163 4345 1228 4403 RV.

67 4437 140 4494 latet
162 4437 285 4496 sonasse
307 4440 455 4516 scriptoris
477 4457 589 4507 nomen,
610 4457 636 4496 e.
658 4458 682 4495 c.
699 4431 869 4506 ιΒλλόόιος.
895 4517 897 4522 Ι
