2866 5092
619 243 663 318 31

67 423 126 508 ἔχει
153 420 176 512 ἦ
201 420 343 507 ’Λζανία
373 420 492 502 πόλεις
519 420 760 504 ἑπτακαίδεκα,
791 418 831 505 &a
858 423 974 510 ,ἔλαχεν
996 423 1107 517 Ἁζήν.
1150 427 1222 498 ἐστι
1295 491 1297 494 .

7 593 9 652 2
64 546 114 612 καί
136 539 350 622 Μασσαλίας
372 537 465 630 όίλλη,
490 538 536 623 ὥς
562 541 685 616 Φίλιον.

137 659 319 746 Ἀζανοί,
357 661 505 749 Φρυγίας
531 659 644 744 πόλις.
688 660 846 752 Στράβων
873 661 1045 754 δωδεκάτῃ
1075 670 1157 758 κτῆς
1185 665 1217 735 δ’

59 779 258 870 Ἐπικτήτου
283 777 430 869 Φρυγίας
451 777 589 863 Ἀζανοί
613 783 651 850 τέ
679 778 744 850 εἶσι
765 783 820 849 καί
843 781 1054 854 Νακόλεια”.
1099 783 1132 852 ολ
1154 813 1218 854 πο-

61 904 149 968 lim
171 896 360 983 Ἀζανῖται,
389 897 429 968 τό
457 900 606 987 θηλυκόν
627 895 801 984 Ἆζανῖτις.
841 897 1053 988 Ἡρωδιανὸς
1081 904 1139 972 διὰ
1160 909 1243 994 τῆςε

61 1026 96 1092 {a
119 1020 155 1090 ἔν
177 1014 383 1107 πρώτῃτῶν
400 1014 554 1085 καθόλου
570 1017 674 1104 λέγων
698 1015 834 1110 κΑίζὴυ
853 1018 1028 1088 Ταντάλου
1042 1027 1133 1104 παῖς,
1156 1019 1214 1111 ὐφ’

62 1134 100 1214 οὐ
115 1139 152 1209 ἐν
172 1135 302 1226 Φρυγίᾳ
318 1135 423 1216 πόλις
439 1131 624 1218 Αίζανοί”.
657 1136 745 1215 τινὲς
762 1137 801 1206 δὲ
815 1132 969 1219 Ἀζόνιον
984 1135 1086 1229 αὐτόν
1101 1164 1217 1228 φασιν.
1244 1201 1248 1210 .

56 1257 254 1350 Ἑρμογένης
277 1257 317 1325 δέ
339 1279 443 1344 φησιν
464 1247 545 1326 οὐδὲ
567 1251 686 1334 οὕτως,
714 1250 786 1322 ἀλλ’
812 1251 1011 1344 Ἐξουόνουυ
1032 1254 1136 1348 αὐτὴν
1157 1286 1217 1328 κα.

62 1387 214 1452 λεῖσθαι·
240 1376 372 1462 λέγεται
394 1373 455 1464 γὰρ
478 1372 571 1460 παρὰ
594 1373 653 1440 τὸν
672 1371 780 1440 τόπον
802 1372 975 1463 ἀγροικίας
996 1371 1093 1454 εἶναι,
1116 1379 1217 1462 λιμοῦ

64 1497 98 1571 δέ*
119 1494 299 1586 γενομένου
322 1488 540 1571 συνελθόντες
562 1488 595 1558 ολ
616 1493 775 1576 ποιμένες
797 1490 902 1564 ἔθυον
925 1491 1083 1580 εὐβοσίαν
1103 1499 1214 1584 γενέσ-
1229 1529 1255 1568 ιο

65 1630 140 1689 θαι·
172 1611 232 1684 οὐκ
255 1607 444 1680 ἀκουόντων
467 1611 505 1680 δὲ
526 1615 592 1678 τῶν
614 1616 707 1678 θεῶν
727 1605 907 1700 Εὔφορβος
927 1616 987 1702 τήν
1010 1612 1164 1696 οὐανοῦν,
1196 1615 1217 1682 ό

45 1725 148 1808 Ιἐστιν
169 1731 322 1818 ἀλώπηξ,
351 1730 408 1800 καί
429 1726 506 1810 ἕξιν,
529 1726 550 1796 ό
571 1729 661 1800 ἐστιν
683 1729 796 1814 ἐχῖνος,
818 1735 927 1798 θῦσαι
948 1738 1018 1811 τοῖς
1041 1730 1227 1814 δαίμοσιν(

66 1846 350 1941 εὐαρεστησόντιον
372 1849 410 1918 δὲ
430 1852 497 1914 τῶν
517 1853 611 1916 θεῶν
632 1844 796 1938 εὐφορίαν
818 1849 980 1934 γενέσθαι
1000 1851 1057 1917 καί
1076 1849 1216 1940 τὴνγῆν

66 1972 339 2058 πολυκαρπῆσαι,
373 1966 452 2048 τούς
487 1968 525 2038 δὲ
555 1965 749 2054 περιοίκους
784 1968 1001 2052 πυθομένους
1034 1965 1127 2056 ἱερέα
1157 1971 1214 2040 καὶ

67 2089 201 2182 όρχοντα
223 2084 327 2158 αὐτόν
344 2091 561 2173 καταστῆσαι.
599 2086 637 2166 ἐξ
657 2082 759 2154 αὐτοῦ
782 2087 820 2156 dl
841 2089 1009 2176 κληθῆναι
1030 2088 1089 2177 τήν
1110 2086 1213 2158 πόλιν
1226 2115 1251 2154 ιε

64 2204 270 2294 Ἔξσυόνσυνζ
297 2200 316 2275 ό
338 2203 668 2296 μεθερμηνευόμενον
690 2204 780 2277 ἔστιν
802 2203 1022 2294 ἐχιναλιόπηξ.
1065 2204 1154 2275 ἔοικε
1176 2209 1214 2275 δὲ

65 2417 259 2431 -ᾴ

68 2563 89 2614 1.
100 2551 189 2629 Ἀζιίν
203 2553 240 2612 Β.
262 2552 387 2610 fortasse
406 2563 510 2632 poetae
530 2563 598 2612 sunt
618 2555 704 2612 verba
725 2545 761 2620 ἃς
781 2547 906 2629 ἔλλαχεν
918 2547 1076 2628 Ἀζήν.ἰ1ε
1096 2574 1127 2614 re
1150 2555 1213 2632 ipsa

68 2668 87 2706 ι.
105 2650 257 2706 ΜῐιΙΙετσιυ
282 2645 352 2702 Dor.
375 2646 429 2702 vol.
450 2651 469 2703 2
488 2666 518 2723 p.
539 2647 605 2704 4411.
637 2647 714 2703 aride
739 2645 829 2703 schol.
851 2647 980 2720 Dionysii
1000 2648 1065 2703 Per.
1086 2649 1153 2705 415.
1176 2645 1212 2702 de

67 2761 115 2817 quo
135 2743 195 2798 dixi
216 2739 300 2797 Anal.
322 2740 402 2796 Alex.
423 2759 452 2816 p.
469 2744 533 2795 160.
613 2743 640 2795 2.
662 2734 696 2795 (li
716 2757 768 2815 pro
789 2735 839 2794 καί
860 2739 897 2795 V.
975 2735 1150 2805 Μασαλίας
1170 2738 1212 2807 Π,

66 2830 233 2901 Αἰθιοπίας
252 2831 289 2890 Β.
386 2836 414 2889 3.
429 2822 548 2903 Ἅζανοι
567 2833 603 2890 R.
696 2821 870 2908 ιλιυύεκιίτῃ]
892 2850 921 2907 p.
943 2835 1008 2889 576.
1099 2829 1128 2888 4.
1149 2831 1213 2889 Να-

66 2921 158 2984 κόλεια
175 2927 212 2993 Η,
232 2917 398 2982 Νακαίλεια
419 2924 492 2983 libri.
571 2929 599 2984 5.
615 2917 818 3001 ἩριόιληςΠ.
896 2929 923 2983 5.
938 2928 966 2981 6.
982 2919 1034 2982 διὰ
1054 2924 1110 2999 τῆς
1129 2925 1163 2986 αἶ
1181 2924 1213 2987 λν

66 3013 162 3096 κρείτῃ
189 3016 252 3075 τῶν
277 3009 417 3074 καθόλου
437 3018 491 3096 Pp,
517 3013 569 3076 ὐιιλ
589 3017 644 3093 τῆς
665 3022 696 3074 ι’ῐι
715 3014 747 3075 ἓν
767 3009 787 3074 α’
806 3011 946 3076 καθόλου
966 3018 1001 3084 V,
1026 3013 1078 3076 ὐιιλ
1105 3021 1160 3078 τοῦ
1181 3025 1213 3078 ιῖὶ

64 3131 126 3180 ινας
144 3101 288 3168 καθόλου
307 3111 343 3178 R,
368 3105 418 3166 διὰ
439 3109 496 3168 τοῦ
516 3109 547 3168 (Ta
568 3107 599 3170 ἐν
619 3103 638 3167 α’
659 3109 804 3187 συλλαβῇ
823 3101 962 3167 καθόλου
983 3107 1027 3175 Π,
1054 3107 1087 3166 ἐν
1105 3105 1213 3189 πριότῃ

65 3202 200 3279 συλλαβῇ
222 3197 275 3258 «lul
293 3200 350 3276 τῆς
370 3201 400 3257 ὦ
422 3197 561 3261 καθόλου
581 3205 615 3275 Α,
641 3200 673 3261 ίν
692 3195 799 3280 πριότῃ
820 3201 962 3278 συλλαβῇ
983 3197 1034 3256 όιιλ
1054 3201 1110 3275 τῆς
1129 3204 1161 3259 αἰ
1182 3201 1213 3260 ἓν

64 3290 164 3373 πρώτῃ
185 3296 241 3370 τῆς
260 3285 401 3352 καθόλου
423 3297 458 3352 Η.
480 3296 536 3352 vid.
557 3296 661 3353 Arcad.
684 3315 713 3372 p.
732 3299 778 3361 18,
798 3297 835 3352 25
857 3303 886 3350 et
908 3293 1017 3350 Herod.
1038 3294 1113 3349 Dict.
1135 3295 1211 3351 solit.

64 3407 90 3464 p.
103 3394 149 3454 17,
169 3389 198 3444 4.
220 3388 267 3446 cll.
289 3389 434 3446 Lobeckio
453 3389 549 3446 Paral.
570 3409 600 3466 p.
616 3393 680 3446 1111.
769 3392 797 3446 7.
819 3381 897 3452 τινὲς
916 3381 950 3444 δι’
964 3377 1114 3460 Ἀζόνιου]
1136 3387 1212 3443 Her-

64 3483 205 3538 πετίοοκκ
224 3480 307 3555 Eleg.
328 3479 351 3549 l,
370 3481 418 3538 4-1.
442 3474 580 3552 Ἅζόνιον
600 3475 631 3536 δ’
653 3466 749 3556 ἦλθεν
769 3472 996 3556 όποπρολιπιόυ,
1018 3498 1054 3537 ex
1074 3480 1212 3536 emenda·
1253 3516 1256 3522 ·

64 3574 134 3630 tione
149 3573 280 3648 Berglii.
359 3577 387 3631 8.
403 3567 475 3631 οὐόί
490 3565 589 3642 οὐτιος
604 3575 640 3640 R,
660 3565 697 3629 οὐ
715 3569 765 3628 δεῖ
775 3561 874 3638 οὐτιυς
887 3572 948 3627 AV.
1023 3564 1214 3640 Ἐξαυιίνσυν

64 3667 94 3730 Χ,
109 3660 287 3741 Ἕξονόγιον
307 3666 342 3733 V,
360 3659 536 3742 Ἕξαναγιον
554 3667 590 3733 R,
607 3656 785 3740 Ἕξανόγιυν
803 3659 871 3728 All,
889 3655 1056 3740 Ἐ’ξανιίγον
1069 3664 1124 3742 Pp.
1144 3664 1212 3721 sort.

62 3752 243 3826 Ἐξσσιίνιον.
334 3765 362 3816 9.
383 3756 512 3832 λοιμοῦλ
600 3764 645 3816 10.
666 3749 813 3830 εὐβοσίαν
831 3755 939 3831 PpRV,
959 3748 1107 3832 εὐφορίαν
1126 3761 1160 3816 Α.

65 3855 103 3906 11.
125 3841 308 3927 Εὐρσρβος]
329 3851 384 3906 llic
404 3851 479 3909 idem
500 3851 548 3908 ille
569 3850 740 3927 Euphorbus
761 3857 814 3914 est,
835 3847 914 3902 cuius
935 3849 1105 3924 sapientiam
1126 3869 1213 3928 prae-

64 3941 133 4000 dieat
159 3941 369 3999 Callimachus.
396 3945 451 4000 vid.
477 3944 559 4002 Poet.
585 3942 660 3998 chol.
685 3962 714 4018 p.
738 3945 802 3999 160.
940 3943 986 3996 11.
1013 3935 1148 3997 οὐαυοῦν
1175 3943 1212 4012 V,

64 4027 202 4092 εὐετνούν
222 4026 558 4092 Β.1οτ1εεεεούιίνισν.
672 4037 719 4091 12.
740 4028 839 4107 λχῖυον
859 4029 934 4088 HR.
1045 4037 1090 4091 13.
1112 4027 1213 4111 εὐαρε·

63 4121 240 4202 στησόντιον
254 4125 318 4194 RV,
338 4121 609 4203 εὐαρεστηθίντιον
625 4130 658 4184 Α.
738 4119 884 4198 εὐβοσίαν
896 4123 943 4180 W.
965 4142 1001 4180 an
1021 4117 1213 4202 εὐφορβίανλ

92 4220 139 4278 καί
161 4217 230 4278 λ’στι
251 4217 309 4294 γῆν
329 4219 393 4276 RV.
484 4221 530 4277 14.
551 4214 666 4294 πολλὴν
686 4216 842 4292 καρκῆσαι
863 4217 897 4275 R.
995 4219 1042 4274 15.
1063 4217 1213 4291 καταστῇ·

61 4330 105 4370 στι
117 4314 183 4378 RV,
205 4309 324 4385 στῆσαι
337 4311 370 4366 Α.
449 4308 482 4370 δι’
500 4311 568 4368 add.
583 4313 619 4368 R.
697 4309 841 4384 κλιθῆναι
857 4306 900 4366 Π.
980 4313 1026 4365 16.
1041 4301 1212 4384 Ἐ’ξαγιίνου

60 4405 183 4486 Appia]
204 4401 380 4479 Ἕξαγανού
399 4400 443 4470 Π,
466 4395 652 4470 Ἐξοοιίνουν
671 4405 707 4460 Χ.
729 4395 1000 4470 1οτ1.Ἐ“ξουα’νιον.
