2866 5092
737 203 787 274 70

183 383 255 456 ἔστι
277 385 334 453 καί
358 383 553 464 Θετταλίας.
587 384 644 450 καὶ
665 376 749 469 άλλη
772 387 1005 467 Καρπητανῶν
1026 377 1150 461 ἔθνους
1165 383 1344 450 Κελτικοῦ.

184 501 203 572 ὁ
221 502 361 590 πολίτης
377 499 493 583 Ἀλεός
510 499 696 590 ὁμοφώνως
717 505 764 587 τῷ
786 498 915 589 οἰκιστῇ
939 497 984 579 ὡς
1000 497 1178 586 Δάρδανος
1194 497 1344 578 Δαναός.

185 619 258 690 ἔστι
285 623 340 689 καί
368 615 452 688 δι’λλο
483 621 620 690 ἑθνινιδν
647 618 806 708 Ἀλεάτης
841 613 887 697 ὡς
920 624 979 706 τῆς
1011 620 1135 706 Τεγέας
1166 615 1344 705 Τεγεάτης.

180 737 393 827 Ἡρωδιανὸς
422 741 462 808 δέ
490 765 593 829 φησιν
625 734 734 830 «ἀλέα
761 738 820 806 ἐπὶ
847 742 906 826 τῆς
931 736 1122 823 θερμασίας
1150 739 1207 804 καί
1237 734 1346 806 ὁπότε

159 859 285 944 ῦδηλοῖ
309 860 368 946 τήν
395 858 501 948 φυγὴν
526 841 721 945 βαρύνεται,
748 859 808 925 ἐπὶ
834 859 873 926 δὲ
899 860 958 943 τῆς
980 851 1129 942 Ἀθηνᾶς
1152 852 1345 936 όξόνεται”.

185 978 282 1066 ἐχρῆν
309 979 348 1046 δὲ
375 979 431 1044 καί
459 983 557 1045 τοῦτο
585 973 751 1065 βαρύνειν.
796 973 867 1043 άπὸ
894 979 955 1042 τοῦ
978 971 1098 1042 ’Λλεοῦ
1126 975 1261 1061 λέγεται
1289 975 1347 1041 καὶ

180 1091 345 1174 Ἀλεαῖος.

264 1210 576 1304 Ἀλεξάνδρειαι
595 1212 716 1297 πόλεις
732 1212 967 1284 ὀκτωκαίδεκα.
998 1209 1115 1300 πρώτη
1131 1207 1150 1300 ἡ
1166 1210 1347 1299 Αἰγυπτία

184 1325 263 1419 ἤτοι
277 1331 448 1418 Λίβυσσα,
470 1330 516 1414 ὡς
538 1332 571 1403 οἱ
592 1332 726 1414 πολλοί,
747 1329 818 1400 άπὸ
833 1327 1057 1420 Ἀλεξάνδρου
1072 1335 1134 1398 τοῦ
1153 1330 1345 1399 Φιλίππου.

148 1480 175 1520 ιι
183 1445 300 1519 Ἰάσων
321 1453 360 1521 δι’
382 1448 401 1520 ὁ
423 1453 481 1522 τόν
502 1451 577 1538 βίον
598 1458 657 1542 τῆς
672 1448 836 1531 Ἑλλάδος
857 1449 994 1542 γράψας
1015 1451 1049 1518 ἐν
1072 1446 1102 1518 δ’
1119 1449 1243 1538 βιβλίῳ
1262 1451 1348 1538 φησί

190 1568 272 1662 ατόν
291 1571 353 1654 μὲν
375 1565 434 1639 οὖν
454 1569 562 1640 τόπον
581 1577 642 1662 τῆς
663 1569 797 1650 πόλεως
819 1565 900 1658 όναρ
922 1566 1198 1662 ἐχρησμοδοτηθη
1216 1568 1325 1650 οὕτως

295 1695 394 1778 νῆσος
415 1686 535 1758 ἔπειτά
556 1716 608 1771 τις
629 1688 700 1760 ἐστὶ
721 1687 939 1777 πολυκλύστῳ
960 1690 1009 1758 ἐνί
1031 1686 1155 1777 πόντῳ,

294 1805 475 1896 Αἰγύπτου
497 1807 728 1900 προπάροιθε,
756 1807 870 1899 Φάρον
892 1810 931 1878 δέ
953 1806 971 1876 ἑ
991 1807 1237 1897 κικλήσκουσιν.

188 1925 339 1995 ε’νέλευσι
372 1930 412 1998 δὲ
446 1927 649 2020 διαγράφειν
680 1929 720 1998 τὸ
753 1934 861 2017 σχῆμα
889 1929 968 2008 τοὺς
999 1924 1249 2013 ἀρχιτέκτονας·
1287 1922 1347 1994 οὐκ

149 2071 176 2112 ιε
189 2042 318 2130 ἔχοντες
338 2047 377 2115 δὲ
399 2048 517 2135 λευκὴν
537 2051 598 2134 γῆν
619 2044 786 2138 ἀλφίτοις,
798 2049 995 2138 διέγραφον,
1023 2041 1160 2132 όρνιθες
1183 2047 1222 2115 δὲ
1242 2071 1347 2112 κατα-

188 2161 331 2244 πτάντες
357 2165 400 2232 τὰ
429 2159 557 2255 όλφιτα
584 2164 706 2256 αἴφνης
727 2164 934 2255 διήρπασαν·
963 2167 1146 2251 ταραχθείς
1173 2158 1233 2232 οὖν
1248 2162 1347 2233 Ἀλέ-

189 2283 343 2372 ξανδρος,
373 2281 406 2350 ολ
426 2281 564 2367 μάντεις
586 2292 725 2375 θαρρεῖν
746 2283 873 2372 ἔλεγον·
903 2281 1038 2352 πόντιον
1064 2282 1127 2371 γάρ
1154 2283 1214 2372 την
1242 2281 1348 2352 πόλιν

187 2401 316 2491 τροφὸν
342 2397 583 2488 γενήσεσθαι”.
625 2409 731 2472 ταῦτα
758 2405 816 2471 καὶ
836 2401 1022 2490 Ἀρριανός.
1065 2400 1193 2491 ἐκλήθη
1215 2403 1254 2470 δὲ
1271 2399 1347 2472 Ῥα-

189 2525 287 2600 κῶτις
308 2522 365 2588 καὶ
390 2520 504 2610 Φάρος
524 2524 580 2590 καί
594 2521 841 2602 Λεοντόπολις,
864 2523 922 2590 διὰ
944 2523 984 2590 τό
1006 2524 1066 2612 την
1085 2529 1145 2610 τῆς
1158 2518 1347 2603 Ὀλυμπιά-

150 2641 249 2718 ισδος
281 2640 425 2731 γαστέρα
458 2640 688 2732 ἕσφραγίσθαι
721 2644 854 2722 λέοντος
884 2639 999 2710 εἰκόνι.
1043 2639 1176 2729 ἐλέγετο
1206 2643 1245 2710 δὲ
1275 2638 1345 2709 κατ’

189 2753 305 2845 ἔξοχόν
327 2756 429 2838 πόλις
450 2761 507 2828 καὶ
528 2763 668 2828 πολῖται
690 2761 728 2840 ἐξ
748 2758 865 2842 αὐτοῦ,
894 2756 940 2840 ὡς
962 2756 1044 2829 άστο
1068 2758 1102 2827 αλ
1119 2757 1268 2848 Ἀθῆναι
1290 2763 1348 2829 καί

189 3063 218 3116 1.
241 3053 426 3132 Θετταλίας]
453 3061 623 3138 Ηεηνοιιια.
643 3081 673 3140 p.
695 3067 741 3120 10.
763 3065 810 3120 17.
829 3057 949 3128 Ἁλίας·
974 3056 1039 3120 ίστι
1065 3057 1099 3118 δὲ
1118 3055 1206 3128 πόλις
1227 3057 1349 3120 Θεσσα-

188 3145 273 3226 λινιή,
295 3153 343 3208 ubi
360 3145 447 3210 Ἀλέα
467 3154 658 3212 scribendum.
749 3147 968 3228 Καρπητιίνιον
987 3157 1020 3221 Α,
1040 3152 1253 3230 Καρπιτονῶν
1271 3153 1348 3224 HV,

189 3239 401 3320 Καρπιτιίνων
418 3247 455 3304 R.
572 3251 601 3304 2.
621 3239 736 3319 Ἅλιός]
764 3249 827 3302 Hoc
852 3248 880 3302 in
904 3238 1019 3320 μαλιός
1044 3255 1209 3322 corruptum
1235 3249 1350 3306 videtur

190 3337 270 3416 apud
289 3339 396 3396 Arcad.
417 3359 448 3416 p.
468 3343 516 3407 38,
537 3344 584 3397 18.
675 3333 845 3415 Δάρδανος
863 3332 992 3406 Δαναός
1011 3339 1050 3406 Μ,
1072 3333 1243 3416 Δαρδανίς
1262 3339 1349 3417 Δαρ·

188 3425 304 3499 δαναός
324 3434 359 3498 Β,
384 3424 554 3507 Δάρδανος
573 3426 729 3506 δἀρδανός
748 3434 785 3501 V,
808 3427 978 3507 Δάρδανος
997 3436 1030 3488 Α.
1056 3431 1095 3488 cf.
1117 3451 1141 3487 s.
1162 3449 1189 3489 v.
1203 3426 1350 3506 Ἀβαντίς

188 3533 219 3582 et
242 3519 351 3599 Τροία.
429 3526 457 3580 5.
471 3516 620 3598 Ἀθηνᾶς]
642 3527 686 3584 De
706 3527 835 3584 Minerva
855 3527 927 3583 Alea
946 3526 984 3583 cs.
999 3525 1106 3582 Μϋλλερ
1124 3525 1194 3582 Μία.
1209 3525 1273 3582 Pol.
1288 3533 1350 3604 p.7

189 3625 220 3673 et
240 3615 324 3672 Com.
346 3615 452 3672 Graec.
472 3617 528 3672 vol.
545 3618 564 3673 4
585 3637 614 3694 p.
635 3623 703 3678 323.
791 3623 820 3675 6.
842 3611 902 3674 ιλπδ
923 3617 979 3674 τοῦ
999 3619 1063 3685 RV,
1083 3611 1144 3675 ἀπὸ
1165 3615 1199 3675 δι’
1218 3620 1275 3676 τοῦ
1295 3625 1330 3680 Α.

184 3700 290 3766 Ἀλίοα
303 3709 340 3766 R.
360 3709 485 3766 sortasse
499 3702 599 3766 Ἀλία.
620 3713 675 3768 nisi
695 3713 782 3770 etiam
800 3703 899 3777 Ἀλιός
920 3710 958 3767 δε
978 3714 1048 3768 urbe
1063 3711 1169 3768 dictum
1184 3722 1238 3778 est,
1259 3731 1350 3789 aquo

183 3796 320 3866 Ἀλεαΐος
343 3800 461 3857 formari
485 3802 578 3879 potuit
603 3813 633 3858 ut
661 3801 807 3868 Φινεαῖος
831 3821 850 3858 a
876 3796 997 3869 Φενιός.
1124 3809 1152 3862 8.
1172 3802 1298 3876 βιβλίον
1322 3801 1351 3862 δ’

190 3901 257 3950 ante
274 3885 498 3969 Ἀλεξάνδρειαι
519 3891 595 3951 HR.
686 3888 910 3970 Ἀλεξάνδροιο
930 3896 967 3962 R,
985 3888 1199 3970 Ἀλεξάνδρεια
1218 3896 1282 3953 ΑΥ.
1312 3899 1351 3954 cs.

189 3984 356 4042 Eustathius
382 3987 420 4042 εδ
440 3987 560 4062 Dionys.
580 3987 646 4046 Per.
668 3991 738 4046 254:
766 3981 973 4062 ἀριθμοῦνται
1001 3983 1035 4043 δὲ
1060 3985 1093 4044 ἐν
1111 3992 1180 4054 ταῖς
1199 3982 1352 4062 ἱστορίαις

184 4069 408 4152 Ἀλεξάνδρειαι
433 4073 508 4156 ὑπὲρ
534 4077 591 4147 τὰς
617 4075 657 4156 τό.
685 4074 805 4138 τούτων
828 4074 886 4151 μία
912 4076 962 4135 καί
988 4070 1066 4154 αὕτη
1088 4073 1174 4146 πόλις
1193 4077 1352 4152 Λίβεσσα

190 4162 259 4245 ἦτοι
278 4168 447 4246 Αἰγυπτία.
527 4177 574 4229 10.
590 4170 622 4230 ίν
643 4166 670 4230 δ’
690 4169 802 4250 βιβλιίγι
818 4172 927 4248 PpRV,
947 4169 980 4228 ἓν
998 4168 1147 4247 τέσσαρσι
1167 4171 1303 4244 βιβλίοις
1318 4180 1351 4231 Α.

191 4269 239 4321 12.
254 4265 347 4338 νῆσος
360 4259 476 4337 ἔπειτα]
496 4267 580 4322 Ηοαι.
596 4264 655 4323 od.
666 4267 694 4331 4,
705 4269 771 4322 354.
851 4269 897 4319 18.
914 4257 1087 4337 Ἀρριανός]
1104 4266 1176 4341 Exp.
1189 4267 1271 4324 Alex.
1283 4272 1312 4335 3,
1322 4271 1351 4324 2.

192 4361 241 4415 19.
260 4350 316 4431 τὴν
337 4379 392 4416 οια.
414 4357 456 4415 Π.
565 4363 612 4414 21.
634 4355 665 4425 ἐξ
686 4350 782 4412 αὐτοῦ
804 4354 908 4423 HRV,
933 4353 964 4423 ἐξ
985 4349 1082 4430 αὐτῆς
1102 4361 1135 4414 Α.
