2866 5092
773 355 891 412 l!¹

209 527 335 608 Αιιιιιο
366 529 554 624 exemplari
588 501 783 600 consentire
815 525 996 617 uidissem,
1028 503 1103 630 non
1130 534 1239 600 totum
1272 548 1369 600 com·

71 743 73 751 s
210 658 338 766 paravi,
365 658 469 729 sed'
449 675 490 729 us
510 665 637 728 tantum
656 657 772 728 locis
763 655 906 752 inspexi,
911 655 1050 752 quibus
1068 655 1244 728 medelam
1258 653 1370 728 unde-

213 805 349 878 cunque
375 783 449 858 fieri
467 791 598 879 posset
625 769 949 878 circumspiciebam.

204 905 207 908 ’
301 891 421 984 Aldina
455 933 558 1004 quem
591 917 710 982 secuta
742 919 795 1010 est
821 909 987 986 codicem
1021 881 1102 982 satis
1134 909 1282 983 fideliter
1308 931 1371 986 ex·

145 1121 148 1128 ,
211 1003 384 1134 pressisse
415 1037 559 1126 videtur.
606 1044 659 1108 est
691 1059 777 1110 vero
811 1025 912 1110 etia'm
948 1037 1007 1108 ubi
1041 1037 1211 1111 editorem
1243 1045 1375 1142 suopte
1394 1077 1398 1082 ·

211 1165 350 1259 ingenio
375 1185 452 1238 rem
478 1139 734 1238 administrasse
754 1165 952 1258 suspiceris
977 1165 1073 1238 ouius
1091 1167 1164 1252 reta
1177 1167 1231 1246 ut
1239 1164 1371 1238 leviora

214 1295 372 1382 omittam,
399 1289 537 1380 certum,
564 1302 600 1365 ut
618 1290 697 1364 mibi
718 1291 856 1388 quidem
874 1292 1018 1380 videtur,
1045 1279 1242 1388 exemplum
1261 1293 1394 1428 babes.

177 1505 178 1510 g
212 1444 246 1516 p.
269 1419 363 1506 asa*
388 1421 471 1504 ι2ι.
909 1493 913 1498 ,
1196 1461 1202 1468 ·

284 1545 506 1624 Perusinum
524 1548 683 1638 codicem
700 1547 873 1642 usquead
886 1537 1176 1638 nomenlletucp
1189 1568 1372 1640 compara

213 1659 275 1748 vit
280 1675 340 1770 qui
366 1677 448 1746 satis
470 1673 654 1768 magnifice
681 1676 726 1748 de
754 1697 817 1748 eo
815 1677 922 1746 sentit
939 1655 1089 1746 lacobus
1107 1675 1312 1746 Gronovius.
1339 1685 1375 1746 et

213 1801 318 1874 babet
344 1823 429 1874 sane
448 1803 698 1896 aliquammulta
717 1775 753 1874 et
772 1803 905 1898 plenius
925 1812 967 1875 et=
977 1803 1109 1878 melius
1120 1804 1247 1896 scripta
1269 1823 1372 1896 quern

114 2021 116 2026 y
212 1909 394 2024 exemplar
418 1928 590 2016 Aldinum,
623 1951 690 2002 nec
705 1937 829 2002 umen
856 1930 980 2024 dignus
1006 1929 1142 2002 videtur
1168 1931 1226 2024 qui
1250 1929 1387 2068 melio

214 2059 310 2132 ribus
337 2057 484 2150 repertis
510 2057 631 2128 iterum
658 2065 885 2152 comparetur.

212 2165 215 2170 ⁵
304 2185 355 2255 De
370 2183 528 2256 Palatinis
546 2173 740 2273 adscribam
756 2183 866 2256 verba
881 2183 1131 2256 Westermanni
1151 2185 1371 2273 „Salmasius
1399 2203 1406 2216 ’

215 2312 319 2408 mem
338 2311 545 2406 singularem
561 2311 742 2406 stephano
762 2311 909 2406 operam
926 2309 1067 2383 dedisse
1081 2333 1127 2383 ex
1138 2313 1250 2384 mtrltis
1264 2293 1388 2408 appa·'

214 2425 268 2514 ιιι
286 2440 372 2512 locis
387 2427 611 2512 Plinianarum
631 2425 911 2514 exercitationum
932 2446 967 2510 et
986 2458 1032 2525 es
1051 2459 1095 2532 eo
1114 2438 1213 2543 quod
1227 2461 1255 2510 a
1267 2441 1371 2512 *tous

213 2568 249 2638 iu
280 2559 529 2652 commentatio
544 2603 547 2613 -
562 2567 608 2638 ad
631 2568 826 2663 Florump.
854 2570 900 2638 93
928 2567 1078 2660 scripsit:
1100 2567 1372 2660 -Stepban'um

215 2701 313 2778 aute
339 2717 491 2770 annum
511 2695 809 2768 recensuimus
829 2704 871 2768 et
888 2677 1215 2788 castigavimus,
1242 2694 1374 2789 Salma-

192 2823 286 2910 ¹sius
306 2823 406 2914 igitur
419 2843 508 2893 'usus
529 2831 583 2894 est
599 2823 738 2894 duobus
758 2823 936 2908 codicibus
950 2821 1115 2907 Palatinis,
1135 2830 1216 2915 post
1230 2821 1374 2898 liomam

213 2948 249 3018 in
273 2947 517 3022 bibliothecam
536 2949 731 3022 Vaticanum
751 2949 881 3034 delatis,
907 2950 1027 3020 altero.
1039 2923 1237 3042 vetustiore,
1251 2951 1371 3024 valtero

214 3071 436 3161 recentiore*
460 3094 651 3170 cortinaque
682 3077 853 3148 lectiones
861 3123 868 3140 ,.
879 3075 931 3146 ad.
951 3077 1140 3169 marginem
1166 3079 1372 3172 exemplaris
1423 3137 1427 3148 ,

214 3201 475 3289 suiaductavit,
503 3203 599 3296 quod
619 3204 736 3296 ipsum
752 3223 791 3274 a.
813 3205 910 3278 ι626
923 3253 924 3256 =
938 3203 983 3276 ad
1009 3203 1136 3277 Lucam
1161 3205 1373 3280 llolstenium

213 3331 303 3402 misit
336 3327 436 3424 (vide
462 3329 618 3402 salmasii
651 3331 830 3426 epistolam
863 3332 909 3403 ad
933 3332 1144 3404 llolstenium
1175 3333 1210 3404 iu
1231 3335 1373 3430 praesa-

213 3459 307 3529 tione
333 3445 508 3530 Theodori
531 3457 680 3554 llyclrii);
707 3457 777 3530 sed
799 3479 861 3530 sua
886 3461 962 3554 ipse
988 3462 1076 3532 mala
1101 3463 1262 3534 menuin
1285 3484 1373 3556 pes—

215 3584 300 3654 sima
332 3605 374 3655 ac
402 3583 522 3658 bibula
552 3583 672 3658 charta
705 3588 841 3680 scriptaw
862 3610 945 3660 esse
972 3587 1173 3675 confitetur,
1209 3589 1371 3684 idemque

211 3713 392 3808 exemplar
426 3715 492 3794 iam
516 3715 631 3807 longo
660 3717 730 3794 'usu
755 3689 936 3811 tantopere
963 3716 1121 3789 detritum
1148 3724 1183 3790 et
1209 3715 1373 3816 deturpa-

119 3919 131 3940 ⁴
212 3843 285 3910 tum
309 3840 415 3911 luisse
443 3843 599 3936 queritur¹
622 3843 656 3914 in
682 3845 895 3936 praelatione
922 3867 984 3916 sua
1008 3846 1200 3931 llerlrelius3
1235 3847 1292 3940 qni
1326 3865 1371 3939 eo
1408 3831 1409 3834 ¹

214 3988 299 4046 usos
326 3975 381 4039 est
407 3969 451 4042 ab
469 3969 597 4054 ¹isaaco
623 3971 748 4046 Vossio
771 3971 843 4043 ,sibi
861 3972 999 4060 tradito,
1025 3983 1062 4044 ut
1082 3975 1199 4044 multis
1225 3973 1260 4046 iu
1285 3974 1372 4046 locis

215 4117 355 4170 sensum
389 4097 516 4176 eiicere
550 4119 621 4170 nou
652 4105 784 4192 posset
834 4099 901 4186 Qui
933 4101 995 4186 alii,
1020 4102 1085 4172 sint
1111 4099 1254 4172 codices
1282 4123 1371 4195 qeins

215 4225 313 4328 simul
333 4225 541 4308 salmasium
554 4225 740 4297 contulisse
758 4227 865 4299 ιιιιιι
884 4227 1012 4300 ibidem
1030 4227 1205 4330 Berlelius
1225 4225 1372 4302 nescio?

120 4329 125 4339 ’
213 4351 282 4421 llis·
298 4351 377 4424 nibil
402 4351 517 4455 habeo
544 4351 640 4446 quod
665 4353 837 4442 adiiciam,
868 4357 932 4428 nisi
956 4355 1054 4450 qued
1080 4356 1281 4432 Salmasiom
1307 4377 1371 4428 ex-

215 4478 356 4570 emplari
382 4455 446 4550 suo
473 4477 519 4550 ad
538 4477 750 4588 llolstenium
773 4484 880 4555 misso
906 4505 984 4576 non
997 4490 1124 4556 ιιιιιιιι
1144 4483 1371 4556 Palatinorum
