<?xml version="1.0" encoding="UTF-8"?>
<!DOCTYPE html PUBLIC "-//W3C//DTD XHTML 1.0 Transitional//EN"
    "http://www.w3.org/TR/xhtml1/DTD/xhtml1-transitional.dtd">
<html xmlns="http://www.w3.org/1999/xhtml" xml:lang="en" lang="en">
 <head>
  <title>
</title>
<meta http-equiv="Content-Type" content="text/html;charset=utf-8" />
  <meta name='ocr-system' content='tesseract 3.04.00' />
  <meta name='ocr-capabilities' content='ocr_page ocr_carea ocr_par ocr_line ocrx_word'/>
</head>
<body>
  <div class='ocr_page' id='page_1' title='image "./stephanibyzanti00meingoog_0042.png"; bbox 0 0 2866 5092; ppageno 0'>
   <div class='ocr_carea' id='block_1_1' title="bbox 630 255 679 330">
    <p class='ocr_par' dir='ltr' id='par_1_1' title="bbox 630 255 679 330">
     <span class='ocr_line' id='line_1_1' title="bbox 630 255 679 330; baseline 0.02 -1"><span class='ocrx_word' id='word_1_1' title='bbox 630 255 679 330; x_wconf 81' lang='lat'><strong><em>29</em></strong></span> 
     </span>
    </p>
   </div>
   <div class='ocr_carea' id='block_1_2' title="bbox 56 432 1256 1355">
    <p class='ocr_par' dir='ltr' id='par_1_2' title="bbox 56 432 1256 1355">
     <span class='ocr_line' id='line_1_2' title="bbox 79 432 1235 530; baseline 0.005 -28"><span class='ocrx_word' id='word_1_2' title='bbox 79 434 173 502; x_wconf 86' lang='grc' dir='ltr'><strong><em>πέντε</em></strong></span> <span class='ocrx_word' id='word_1_3' title='bbox 195 435 254 501; x_wconf 82' lang='grc' dir='ltr'><strong><em>καί</em></strong></span> <span class='ocrx_word' id='word_1_4' title='bbox 276 432 426 516; x_wconf 88' lang='grc' dir='ltr'><strong><em>πλείους.</em></strong></span> <span class='ocrx_word' id='word_1_5' title='bbox 460 435 516 502; x_wconf 87' lang='grc' dir='ltr'><strong><em>καί</em></strong></span> <span class='ocrx_word' id='word_1_6' title='bbox 537 435 599 516; x_wconf 88' lang='grc' dir='ltr'><strong><em>τάς</em></strong></span> <span class='ocrx_word' id='word_1_7' title='bbox 620 434 837 527; x_wconf 77' lang='grc' dir='ltr'><strong><em>ἀλεκτορίδας</em></strong></span> <span class='ocrx_word' id='word_1_8' title='bbox 858 439 910 519; x_wconf 87' lang='grc' dir='ltr'><strong><em>δίς</em></strong></span> <span class='ocrx_word' id='word_1_9' title='bbox 930 435 1051 507; x_wconf 80' lang='grc' dir='ltr'><strong><em>τίκτειν</em></strong></span> <span class='ocrx_word' id='word_1_10' title='bbox 1072 443 1131 530; x_wconf 60' lang='grc' dir='ltr'><strong><em>ῆς</em></strong></span> <span class='ocrx_word' id='word_1_11' title='bbox 1152 435 1235 530; x_wconf 82' lang='grc' dir='ltr'><strong><em>ἡμέ-</em></strong></span> 
     </span>
     <span class='ocr_line' id='line_1_3' title="bbox 76 535 1232 648; baseline 0.007 -30"><span class='ocrx_word' id='word_1_12' title='bbox 76 577 147 638; x_wconf 87' lang='grc' dir='ltr'><strong><em>ρας,</em></strong></span> <span class='ocrx_word' id='word_1_13' title='bbox 176 555 226 640; x_wconf 80' lang='grc' dir='ltr'><strong><em>τῷ</em></strong></span> <span class='ocrx_word' id='word_1_14' title='bbox 253 553 293 621; x_wconf 86' lang='grc' dir='ltr'><strong><em>δέ</em></strong></span> <span class='ocrx_word' id='word_1_15' title='bbox 320 555 462 639; x_wconf 78' lang='grc' dir='ltr'><strong><em>μεγέθει</em></strong></span> <span class='ocrx_word' id='word_1_16' title='bbox 489 551 624 622; x_wconf 87' lang='grc' dir='ltr'><strong><em>πάντων</em></strong></span> <span class='ocrx_word' id='word_1_17' title='bbox 639 535 739 623; x_wconf 64' lang='grc' dir='ltr'><strong><em>ἐἶναι</em></strong></span> <span class='ocrx_word' id='word_1_18' title='bbox 766 559 965 648; x_wconf 81' lang='grc' dir='ltr'><strong><em>μικροτέρας</em></strong></span> <span class='ocrx_word' id='word_1_19' title='bbox 982 562 1049 626; x_wconf 88' lang='grc' dir='ltr'><strong><em>τῶν</em></strong></span> <span class='ocrx_word' id='word_1_20' title='bbox 1072 555 1232 647; x_wconf 78' lang='grc' dir='ltr'><strong><em>ὀρνίθων.</em></strong></span> 
     </span>
     <span class='ocr_line' id='line_1_4' title="bbox 74 665 1233 766; baseline 0.007 -30"><span class='ocrx_word' id='word_1_21' title='bbox 74 665 251 759; x_wconf 82' lang='grc' dir='ltr'><strong><em>ὃπολίτης</em></strong></span> <span class='ocrx_word' id='word_1_22' title='bbox 272 671 330 738; x_wconf 82' lang='grc' dir='ltr'><strong><em>καί</em></strong></span> <span class='ocrx_word' id='word_1_23' title='bbox 353 665 371 738; x_wconf 83' lang='grc' dir='ltr'><em>ὃ</em></span> <span class='ocrx_word' id='word_1_24' title='bbox 393 668 556 760; x_wconf 81' lang='grc' dir='ltr'><strong><em>πάροικος</em></strong></span> <span class='ocrx_word' id='word_1_25' title='bbox 571 668 750 760; x_wconf 79' lang='grc' dir='ltr'><strong><em>Ἀδριανός</em></strong></span> <span class='ocrx_word' id='word_1_26' title='bbox 772 670 819 754; x_wconf 87' lang='grc' dir='ltr'><strong><em>ῶς</em></strong></span> <span class='ocrx_word' id='word_1_27' title='bbox 835 671 1000 758; x_wconf 81' lang='grc' dir='ltr'><strong><em>Ἀσιανός,</em></strong></span> <span class='ocrx_word' id='word_1_28' title='bbox 1022 679 1081 746; x_wconf 86' lang='grc' dir='ltr'><strong><em>καὶ</em></strong></span> <span class='ocrx_word' id='word_1_29' title='bbox 1096 673 1233 766; x_wconf 78' lang='grc' dir='ltr'><strong><em>Ἀδριά-</em></strong></span> 
     </span>
     <span class='ocr_line' id='line_1_5' title="bbox 72 779 1231 884; baseline 0.008 -30"><span class='ocrx_word' id='word_1_30' title='bbox 72 813 143 875; x_wconf 85' lang='grc' dir='ltr'><strong><em>της,</em></strong></span> <span class='ocrx_word' id='word_1_31' title='bbox 174 779 217 855; x_wconf 79' lang='grc' dir='ltr'><strong><em>οὗ</em></strong></span> <span class='ocrx_word' id='word_1_32' title='bbox 242 788 283 856; x_wconf 87' lang='grc' dir='ltr'><strong><em>τδ</em></strong></span> <span class='ocrx_word' id='word_1_33' title='bbox 306 785 521 878; x_wconf 79' lang='grc' dir='ltr'><strong><em>Ἀδριατικὸν</em></strong></span> <span class='ocrx_word' id='word_1_34' title='bbox 548 791 713 880; x_wconf 82' lang='grc' dir='ltr'><strong><em>πέλαγος,</em></strong></span> <span class='ocrx_word' id='word_1_35' title='bbox 741 789 786 874; x_wconf 85' lang='grc' dir='ltr'><strong><em>ὠς</em></strong></span> <span class='ocrx_word' id='word_1_36' title='bbox 806 797 867 861; x_wconf 84' lang='grc' dir='ltr'><strong><em>τοῦ</em></strong></span> <span class='ocrx_word' id='word_1_37' title='bbox 887 791 1079 884; x_wconf 85' lang='grc' dir='ltr'><strong><em>Πτελεάιης</em></strong></span> <span class='ocrx_word' id='word_1_38' title='bbox 1101 790 1120 863; x_wconf 83' lang='grc' dir='ltr'>ὁ</span> <span class='ocrx_word' id='word_1_39' title='bbox 1142 802 1231 862; x_wconf 88' lang='grc' dir='ltr'><strong><em>Πτε-</em></strong></span> 
     </span>
     <span class='ocr_line' id='line_1_6' title="bbox 72 901 1256 988; baseline 0 -15"><span class='ocrx_word' id='word_1_40' title='bbox 72 905 227 988; x_wconf 84' lang='grc' dir='ltr'><strong><em>λιατικάς</em></strong></span> <span class='ocrx_word' id='word_1_41' title='bbox 254 901 355 988; x_wconf 77' lang='grc' dir='ltr'><strong><em>οἶνος.</em></strong></span> <span class='ocrx_word' id='word_1_42' title='bbox 1243 933 1256 973; x_wconf 77' lang='grc' dir='ltr'><strong><em>ε</em></strong></span> 
     </span>
     <span class='ocr_line' id='line_1_7' title="bbox 56 1019 1231 1120; baseline 0.009 -32"><span class='ocrx_word' id='word_1_43' title='bbox 56 1073 63 1088; x_wconf 92' lang='grc'><strong><em>.</em></strong></span> <span class='ocrx_word' id='word_1_44' title='bbox 147 1019 364 1115; x_wconf 71' lang='grc' dir='ltr'><strong><em>Ἄδροττα,</em></strong></span> <span class='ocrx_word' id='word_1_45' title='bbox 397 1022 593 1115; x_wconf 80' lang='grc' dir='ltr'><strong><em>οὐδετέρως,</em></strong></span> <span class='ocrx_word' id='word_1_46' title='bbox 614 1027 737 1118; x_wconf 86' lang='grc' dir='ltr'><strong><em>χωρίον</em></strong></span> <span class='ocrx_word' id='word_1_47' title='bbox 758 1030 794 1098; x_wconf 86' lang='grc' dir='ltr'><strong><em>έν</em></strong></span> <span class='ocrx_word' id='word_1_48' title='bbox 810 1027 928 1120; x_wconf 78' lang='grc' dir='ltr'><strong><em>Λυδίᾳ</em></strong></span> <span class='ocrx_word' id='word_1_49' title='bbox 949 1026 1231 1118; x_wconf 70' lang='grc' dir='ltr'><strong><em>παραθαλάττιον</em></strong></span> 
     </span>
     <span class='ocr_line' id='line_1_8' title="bbox 75 1141 1231 1237; baseline 0.007 -28"><span class='ocrx_word' id='word_1_50' title='bbox 75 1145 131 1210; x_wconf 84' lang='grc' dir='ltr'><strong><em>καί</em></strong></span> <span class='ocrx_word' id='word_1_51' title='bbox 157 1141 399 1235; x_wconf 79' lang='grc' dir='ltr'><strong><em>κατάκρημνον.</em></strong></span> <span class='ocrx_word' id='word_1_52' title='bbox 443 1141 476 1212; x_wconf 79' lang='grc' dir='ltr'><strong><em>οἱ</em></strong></span> <span class='ocrx_word' id='word_1_53' title='bbox 506 1143 676 1236; x_wconf 79' lang='grc' dir='ltr'><strong><em>οἰκήτορες</em></strong></span> <span class='ocrx_word' id='word_1_54' title='bbox 703 1144 901 1234; x_wconf 81' lang='grc' dir='ltr'><strong><em>Ἀδροττεῖς.</em></strong></span> <span class='ocrx_word' id='word_1_55' title='bbox 943 1151 1010 1214; x_wconf 85' lang='grc' dir='ltr'><strong><em>τῶν</em></strong></span> <span class='ocrx_word' id='word_1_56' title='bbox 1039 1148 1101 1237; x_wconf 75' lang='grc' dir='ltr'><strong><em>γάρ</em></strong></span> <span class='ocrx_word' id='word_1_57' title='bbox 1132 1145 1180 1228; x_wconf 85' lang='grc' dir='ltr'><strong><em>είς</em></strong></span> <span class='ocrx_word' id='word_1_58' title='bbox 1209 1152 1231 1217; x_wconf 83' lang='grc' dir='ltr'><strong><em>ἆ</em></strong></span> 
     </span>
     <span class='ocr_line' id='line_1_9' title="bbox 74 1257 1230 1355; baseline 0.004 -27"><span class='ocrx_word' id='word_1_59' title='bbox 74 1257 258 1352; x_wconf 74' lang='grc' dir='ltr'><strong><em>οὐδετέρων</em></strong></span> <span class='ocrx_word' id='word_1_60' title='bbox 291 1259 386 1352; x_wconf 88' lang='grc' dir='ltr'><strong><em>παρά</em></strong></span> <span class='ocrx_word' id='word_1_61' title='bbox 418 1287 455 1330; x_wconf 87' lang='grc' dir='ltr'><strong><em>τε</em></strong></span> <span class='ocrx_word' id='word_1_62' title='bbox 486 1269 559 1344; x_wconf 83' lang='grc' dir='ltr'><strong><em>τοῖς</em></strong></span> <span class='ocrx_word' id='word_1_63' title='bbox 590 1267 722 1345; x_wconf 82' lang='grc' dir='ltr'><strong><em>Λυδοῖς</em></strong></span> <span class='ocrx_word' id='word_1_64' title='bbox 756 1266 813 1332; x_wconf 85' lang='grc' dir='ltr'><strong><em>καί</em></strong></span> <span class='ocrx_word' id='word_1_65' title='bbox 842 1266 902 1355; x_wconf 75' lang='grc' dir='ltr'><strong><em>τήν</em></strong></span> <span class='ocrx_word' id='word_1_66' title='bbox 933 1265 1066 1355; x_wconf 84' lang='grc' dir='ltr'><strong><em>Καρίαν</em></strong></span> <span class='ocrx_word' id='word_1_67' title='bbox 1099 1263 1230 1334; x_wconf 80' lang='grc' dir='ltr'><strong><em>οίκοῦσί</em></strong></span> 
     </span>
    </p>
   </div>
   <div class='ocr_carea' id='block_1_3' title="bbox 71 1377 1229 1498">
    <p class='ocr_par' dir='ltr' id='par_1_3' title="bbox 71 1377 1229 1498">
     <span class='ocr_line' id='line_1_10' title="bbox 71 1377 1229 1498; baseline 0.005 -51"><span class='ocrx_word' id='word_1_68' title='bbox 71 1379 180 1469; x_wconf 75' lang='grc' dir='ltr'><strong><em>χαίρει</em></strong></span> <span class='ocrx_word' id='word_1_69' title='bbox 200 1386 245 1471; x_wconf 80' lang='grc' dir='ltr'><strong><em>τῇ</em></strong></span> <span class='ocrx_word' id='word_1_70' title='bbox 266 1377 315 1462; x_wconf 84' lang='grc' dir='ltr'><strong><em>είς</em></strong></span> <span class='ocrx_word' id='word_1_71' title='bbox 335 1387 390 1498; x_wconf 54' lang='lat' dir='ltr'><strong><em>{Tc</em></strong></span> <span class='ocrx_word' id='word_1_72' title='bbox 411 1380 469 1449; x_wconf 87' lang='grc' dir='ltr'><strong><em>έπί</em></strong></span> <span class='ocrx_word' id='word_1_73' title='bbox 489 1386 558 1448; x_wconf 91' lang='grc' dir='ltr'><strong><em>τῶν</em></strong></span> <span class='ocrx_word' id='word_1_74' title='bbox 572 1382 727 1451; x_wconf 87' lang='grc' dir='ltr'><strong><em>έθνικῶν.</em></strong></span> <span class='ocrx_word' id='word_1_75' title='bbox 761 1381 900 1452; x_wconf 78' lang='grc' dir='ltr'><strong><em>δύναται</em></strong></span> <span class='ocrx_word' id='word_1_76' title='bbox 916 1384 974 1452; x_wconf 86' lang='grc' dir='ltr'><strong><em>καί</em></strong></span> <span class='ocrx_word' id='word_1_77' title='bbox 992 1380 1229 1473; x_wconf 62' lang='lat' dir='ltr'><strong>&#39;Adnue-ruric,</strong></span> 
     </span>
    </p>
   </div>
   <div class='ocr_carea' id='block_1_4' title="bbox 74 1495 1268 1945">
    <p class='ocr_par' dir='ltr' id='par_1_4' title="bbox 74 1495 1268 1706">
     <span class='ocr_line' id='line_1_11' title="bbox 74 1495 1268 1591; baseline 0.005 -25"><span class='ocrx_word' id='word_1_78' title='bbox 74 1502 129 1568; x_wconf 86' lang='grc' dir='ltr'><strong><em>καί</em></strong></span> <span class='ocrx_word' id='word_1_79' title='bbox 160 1500 224 1590; x_wconf 82' lang='grc' dir='ltr'><strong><em>γάρ</em></strong></span> <span class='ocrx_word' id='word_1_80' title='bbox 256 1495 275 1568; x_wconf 82' lang='grc' dir='ltr'><strong>ὁ</strong></span> <span class='ocrx_word' id='word_1_81' title='bbox 305 1497 412 1581; x_wconf 82' lang='grc' dir='ltr'><strong><em>τύπος</em></strong></span> <span class='ocrx_word' id='word_1_82' title='bbox 441 1505 507 1568; x_wconf 88' lang='grc' dir='ltr'><strong><em>τῶν</em></strong></span> <span class='ocrx_word' id='word_1_83' title='bbox 536 1496 711 1570; x_wconf 79' lang='grc' dir='ltr'><strong><em>Ἀσιανῶν.</em></strong></span> <span class='ocrx_word' id='word_1_84' title='bbox 760 1503 817 1569; x_wconf 87' lang='grc' dir='ltr'><strong><em>καὶ</em></strong></span> <span class='ocrx_word' id='word_1_85' title='bbox 848 1503 954 1584; x_wconf 80' lang='grc' dir='ltr'><strong><em>οἱίτως</em></strong></span> <span class='ocrx_word' id='word_1_86' title='bbox 987 1499 1019 1570; x_wconf 87' lang='lat' dir='ltr'><strong><em>oi</em></strong></span> <span class='ocrx_word' id='word_1_87' title='bbox 1052 1498 1228 1591; x_wconf 76' lang='grc' dir='ltr'><strong><em>ἐπιχώριοι</em></strong></span> <span class='ocrx_word' id='word_1_88' title='bbox 1243 1535 1268 1572; x_wconf 89' lang='grc' dir='ltr'><strong><em>ιο</em></strong></span> 
     </span>
     <span class='ocr_line' id='line_1_12' title="bbox 74 1620 236 1706; baseline -0.025 -18"><span class='ocrx_word' id='word_1_89' title='bbox 74 1620 236 1706; x_wconf 81' lang='grc' dir='ltr'><strong><em>λέγουσιν.</em></strong></span> 
     </span>
    </p>

    <p class='ocr_par' dir='ltr' id='par_1_5' title="bbox 78 1732 1231 1945">
     <span class='ocr_line' id='line_1_13' title="bbox 148 1732 1230 1828; baseline 0.002 -23"><span class='ocrx_word' id='word_1_90' title='bbox 148 1732 368 1824; x_wconf 81' lang='grc' dir='ltr'><strong><em>Ἅδράμης,</em></strong></span> <span class='ocrx_word' id='word_1_91' title='bbox 403 1732 624 1828; x_wconf 73' lang='grc' dir='ltr'><strong><em>Ἀδράμητος,</em></strong></span> <span class='ocrx_word' id='word_1_92' title='bbox 662 1735 798 1825; x_wconf 76' lang='grc' dir='ltr'><strong><em>Λιβύης</em></strong></span> <span class='ocrx_word' id='word_1_93' title='bbox 835 1735 948 1816; x_wconf 80' lang='grc' dir='ltr'><strong><em>πόλις.</em></strong></span> <span class='ocrx_word' id='word_1_94' title='bbox 982 1738 1137 1825; x_wconf 78' lang='grc' dir='ltr'><strong><em>λέγεται</em></strong></span> <span class='ocrx_word' id='word_1_95' title='bbox 1173 1740 1230 1807; x_wconf 85' lang='grc' dir='ltr'><strong><em>καί</em></strong></span> 
     </span>
     <span class='ocr_line' id='line_1_14' title="bbox 78 1850 1231 1945; baseline 0.002 -23"><span class='ocrx_word' id='word_1_96' title='bbox 78 1853 257 1944; x_wconf 77' lang='grc' dir='ltr'><strong><em>ἀρσενικῶς</em></strong></span> <span class='ocrx_word' id='word_1_97' title='bbox 284 1854 341 1922; x_wconf 81' lang='grc' dir='ltr'><strong><em>καί</em></strong></span> <span class='ocrx_word' id='word_1_98' title='bbox 366 1857 522 1942; x_wconf 79' lang='grc' dir='ltr'><strong><em>θηλυκῶς</em></strong></span> <span class='ocrx_word' id='word_1_99' title='bbox 548 1856 605 1922; x_wconf 84' lang='grc' dir='ltr'><strong><em>καὶ</em></strong></span> <span class='ocrx_word' id='word_1_100' title='bbox 631 1850 822 1945; x_wconf 74' lang='grc' dir='ltr'><strong><em>οὐδετέρως.</em></strong></span> <span class='ocrx_word' id='word_1_101' title='bbox 865 1856 1020 1942; x_wconf 87' lang='grc' dir='ltr'><strong><em>κέκληται</em></strong></span> <span class='ocrx_word' id='word_1_102' title='bbox 1047 1852 1231 1936; x_wconf 87' lang='grc' dir='ltr'><strong><em>ἀπότινος</em></strong></span> 
     </span>
    </p>
   </div>
   <div class='ocr_carea' id='block_1_5' title="bbox 69 2165 1229 4469">
    <p class='ocr_par' dir='ltr' id='par_1_6' title="bbox 69 2165 1229 4469">
     <span class='ocr_line' id='line_1_15' title="bbox 76 2165 1226 2259; baseline 0.004 -29"><span class='ocrx_word' id='word_1_103' title='bbox 76 2179 101 2232; x_wconf 82' lang='lat'><strong><em>2.</em></strong></span> <span class='ocrx_word' id='word_1_104' title='bbox 116 2165 192 2231; x_wconf 71' lang='grc' dir='ltr'><strong><em>εἶναι</em></strong></span> <span class='ocrx_word' id='word_1_105' title='bbox 207 2170 406 2252; x_wconf 75' lang='grc' dir='ltr'><strong><em>μικροτέρας]</em></strong></span> <span class='ocrx_word' id='word_1_106' title='bbox 425 2175 482 2236; x_wconf 75' lang='grc' dir='ltr'><strong><em>εἶσί</em></strong></span> <span class='ocrx_word' id='word_1_107' title='bbox 501 2175 597 2255; x_wconf 84' lang='grc' dir='ltr'><strong><em>μικρά</em></strong></span> <span class='ocrx_word' id='word_1_108' title='bbox 618 2181 654 2246; x_wconf 87' lang='lat' dir='ltr'><strong><em>R,</em></strong></span> <span class='ocrx_word' id='word_1_109' title='bbox 674 2175 738 2238; x_wconf 79' lang='grc' dir='ltr'><strong><em>έστί</em></strong></span> <span class='ocrx_word' id='word_1_110' title='bbox 757 2175 853 2256; x_wconf 78' lang='grc' dir='ltr'><strong><em>μικρὰ</em></strong></span> <span class='ocrx_word' id='word_1_111' title='bbox 873 2181 954 2259; x_wconf 84' lang='lat' dir='ltr'>PpV,</span> <span class='ocrx_word' id='word_1_112' title='bbox 974 2177 1039 2240; x_wconf 74' lang='grc' dir='ltr'><strong><em>ἐστὶ</em></strong></span> <span class='ocrx_word' id='word_1_113' title='bbox 1057 2175 1164 2254; x_wconf 80' lang='grc' dir='ltr'><strong><em>μακρά</em></strong></span> <span class='ocrx_word' id='word_1_114' title='bbox 1183 2177 1226 2236; x_wconf 88' lang='grc' dir='ltr'><strong><em>Π.</em></strong></span> 
     </span>
     <span class='ocr_line' id='line_1_16' title="bbox 76 2251 1228 2350; baseline 0.004 -27"><span class='ocrx_word' id='word_1_115' title='bbox 76 2268 101 2324; x_wconf 72' lang='lat' dir='ltr'><strong><em>l.</em></strong></span> <span class='ocrx_word' id='word_1_116' title='bbox 121 2251 157 2325; x_wconf 73' lang='grc' dir='ltr'><strong><em>οὗ</em></strong></span> <span class='ocrx_word' id='word_1_117' title='bbox 177 2263 214 2326; x_wconf 85' lang='grc' dir='ltr'><strong><em>τὸ</em></strong></span> <span class='ocrx_word' id='word_1_118' title='bbox 239 2269 373 2346; x_wconf 83' lang='lat' dir='ltr'><strong>&#39;i&#39;oupius</strong></span> <span class='ocrx_word' id='word_1_119' title='bbox 399 2269 437 2327; x_wconf 87' lang='lat' dir='ltr'><strong><em>ad</em></strong></span> <span class='ocrx_word' id='word_1_120' title='bbox 462 2271 558 2346; x_wconf 51' lang='lat' dir='ltr'><strong>schol„</strong></span> <span class='ocrx_word' id='word_1_121' title='bbox 574 2272 699 2329; x_wconf 85' lang='lat' dir='ltr'><strong>Theocr.</strong></span> <span class='ocrx_word' id='word_1_122' title='bbox 720 2277 751 2340; x_wconf 85' lang='lat'><strong><em>1,</em></strong></span> <span class='ocrx_word' id='word_1_123' title='bbox 773 2277 819 2340; x_wconf 82' lang='lat'><strong><em>65,</em></strong></span> <span class='ocrx_word' id='word_1_124' title='bbox 845 2263 944 2341; x_wconf 71' lang='grc' dir='ltr'><strong><em>οὕτως</em></strong></span> <span class='ocrx_word' id='word_1_125' title='bbox 971 2273 1043 2330; x_wconf 84' lang='lat' dir='ltr'>libri.</span> <span class='ocrx_word' id='word_1_126' title='bbox 1074 2280 1228 2350; x_wconf 79' lang='lat' dir='ltr'><strong>praeterea</strong></span> 
     </span>
     <span class='ocr_line' id='line_1_17' title="bbox 76 2356 1229 2440; baseline 0.007 -26"><span class='ocrx_word' id='word_1_127' title='bbox 76 2359 196 2418; x_wconf 77' lang='lat' dir='ltr'><strong>sortasse</strong></span> <span class='ocrx_word' id='word_1_128' title='bbox 216 2361 323 2418; x_wconf 83' lang='lat' dir='ltr'><strong>excidit</strong></span> <span class='ocrx_word' id='word_1_129' title='bbox 342 2356 493 2437; x_wconf 82' lang='grc' dir='ltr'><strong><em>κτητικόν.</em></strong></span> <span class='ocrx_word' id='word_1_130' title='bbox 584 2356 762 2439; x_wconf 83' lang='grc' dir='ltr'><strong><em>Πτιλιιίτης</em></strong></span> <span class='ocrx_word' id='word_1_131' title='bbox 781 2364 845 2432; x_wconf 85' lang='lat' dir='ltr'><strong><em>RV,</em></strong></span> <span class='ocrx_word' id='word_1_132' title='bbox 864 2357 1046 2440; x_wconf 80' lang='grc' dir='ltr'><strong><em>Πτελεῶτης</em></strong></span> <span class='ocrx_word' id='word_1_133' title='bbox 1065 2368 1098 2421; x_wconf 85' lang='grc' dir='ltr'><strong><em>Α.</em></strong></span> <span class='ocrx_word' id='word_1_134' title='bbox 1187 2357 1229 2432; x_wconf 84' lang='grc' dir='ltr'><strong><em>ῶς</em></strong></span> 
     </span>
     <span class='ocr_line' id='line_1_18' title="bbox 75 2445 1228 2532; baseline -0.002 -20"><span class='ocrx_word' id='word_1_135' title='bbox 75 2447 164 2512; x_wconf 70' lang='lat' dir='ltr'><strong>iRV.</strong></span> <span class='ocrx_word' id='word_1_136' title='bbox 245 2449 451 2521; x_wconf 75' lang='grc' dir='ltr'><strong><em>Πτελεατικδς</em></strong></span> <span class='ocrx_word' id='word_1_137' title='bbox 471 2445 565 2530; x_wconf 83' lang='grc' dir='ltr'><strong><em>σίνος]</em></strong></span> <span class='ocrx_word' id='word_1_138' title='bbox 586 2456 713 2514; x_wconf 85' lang='lat' dir='ltr'><strong>Tlreocr.</strong></span> <span class='ocrx_word' id='word_1_139' title='bbox 724 2461 752 2524; x_wconf 88' lang='lat'><strong><em>7,</em></strong></span> <span class='ocrx_word' id='word_1_140' title='bbox 765 2460 813 2515; x_wconf 78' lang='lat'><strong><em>65.</em></strong></span> <span class='ocrx_word' id='word_1_141' title='bbox 890 2461 918 2515; x_wconf 90' lang='grc'><strong><em>7.</em></strong></span> <span class='ocrx_word' id='word_1_142' title='bbox 933 2452 973 2512; x_wconf 83' lang='grc' dir='ltr'><strong><em>τά</em></strong></span> <span class='ocrx_word' id='word_1_143' title='bbox 989 2466 1018 2513; x_wconf 90' lang='lat' dir='ltr'><strong>et</strong></span> <span class='ocrx_word' id='word_1_144' title='bbox 1038 2462 1066 2515; x_wconf 88' lang='lat'><strong><em>8.</em></strong></span> <span class='ocrx_word' id='word_1_145' title='bbox 1081 2448 1228 2532; x_wconf 78' lang='grc' dir='ltr'><strong><em>οὐδέτερα</em></strong></span> 
     </span>
     <span class='ocr_line' id='line_1_19' title="bbox 75 2541 1226 2628; baseline 0.002 -26"><span class='ocrx_word' id='word_1_146' title='bbox 75 2545 107 2614; x_wconf 83' lang='grc' dir='ltr'><strong><em>Β,</em></strong></span> <span class='ocrx_word' id='word_1_147' title='bbox 126 2545 253 2604; x_wconf 74' lang='lat' dir='ltr'><strong><em>sonasse</em></strong></span> <span class='ocrx_word' id='word_1_148' title='bbox 272 2545 335 2603; x_wconf 87' lang='grc' dir='ltr'><strong><em>τῶν</em></strong></span> <span class='ocrx_word' id='word_1_149' title='bbox 354 2577 392 2588; x_wconf 89' lang='grc'>-</span> <span class='ocrx_word' id='word_1_150' title='bbox 412 2541 580 2623; x_wconf 75' lang='grc' dir='ltr'><strong><em>οὐδετέρων</em></strong></span> <span class='ocrx_word' id='word_1_151' title='bbox 600 2545 653 2621; x_wconf 83' lang='grc' dir='ltr'><strong><em>[τὰ</em></strong></span> <span class='ocrx_word' id='word_1_152' title='bbox 674 2543 796 2624; x_wconf 85' lang='grc' dir='ltr'><strong><em>πολλά].</em></strong></span> <span class='ocrx_word' id='word_1_153' title='bbox 874 2549 961 2628; x_wconf 82' lang='grc' dir='ltr'><strong><em>9.τῷ</em></strong></span> <span class='ocrx_word' id='word_1_154' title='bbox 981 2547 1023 2616; x_wconf 79' lang='grc' dir='ltr'><strong><em>είς</em></strong></span> <span class='ocrx_word' id='word_1_155' title='bbox 1041 2546 1093 2612; x_wconf 63' lang='lat' dir='ltr'><strong><em>Er}</em></strong></span> <span class='ocrx_word' id='word_1_156' title='bbox 1113 2541 1226 2625; x_wconf 82' lang='grc' dir='ltr'><strong><em>[τάπῳ]</em></strong></span> 
     </span>
     <span class='ocr_line' id='line_1_20' title="bbox 75 2631 1227 2718; baseline -0.001 -24"><span class='ocrx_word' id='word_1_157' title='bbox 75 2639 109 2696; x_wconf 86' lang='lat' dir='ltr'><strong><em>ll.</em></strong></span> <span class='ocrx_word' id='word_1_158' title='bbox 191 2631 412 2715; x_wconf 80' lang='grc' dir='ltr'><strong><em>Ἀδριαττηνάς</em></strong></span> <span class='ocrx_word' id='word_1_159' title='bbox 431 2640 494 2698; x_wconf 88' lang='lat' dir='ltr'><strong><em>RV.</em></strong></span> <span class='ocrx_word' id='word_1_160' title='bbox 593 2645 639 2697; x_wconf 85' lang='lat'><strong><em>12.</em></strong></span> <span class='ocrx_word' id='word_1_161' title='bbox 655 2633 823 2718; x_wconf 81' lang='grc' dir='ltr'><strong><em>Ἀδράμης]</em></strong></span> <span class='ocrx_word' id='word_1_162' title='bbox 844 2643 908 2698; x_wconf 78' lang='lat' dir='ltr'><strong><em>Hoc</em></strong></span> <span class='ocrx_word' id='word_1_163' title='bbox 928 2641 1104 2699; x_wconf 82' lang='lat' dir='ltr'><strong>Schubartus</strong></span> <span class='ocrx_word' id='word_1_164' title='bbox 1125 2640 1227 2696; x_wconf 84' lang='lat' dir='ltr'><strong>delen-</strong></span> 
     </span>
     <span class='ocr_line' id='line_1_21' title="bbox 76 2727 1228 2810; baseline -0.002 -24"><span class='ocrx_word' id='word_1_165' title='bbox 76 2731 139 2787; x_wconf 86' lang='lat' dir='ltr'><strong><em>dum</em></strong></span> <span class='ocrx_word' id='word_1_166' title='bbox 160 2733 296 2809; x_wconf 79' lang='lat' dir='ltr'><strong>opinatur</strong></span> <span class='ocrx_word' id='word_1_167' title='bbox 314 2742 435 2810; x_wconf 85' lang='lat' dir='ltr'><strong>propter</strong></span> <span class='ocrx_word' id='word_1_168' title='bbox 454 2734 606 2809; x_wconf 78' lang='lat' dir='ltr'><strong>sequentia</strong></span> <span class='ocrx_word' id='word_1_169' title='bbox 626 2728 742 2809; x_wconf 73' lang='grc' dir='ltr'><strong><em>λέγεται</em></strong></span> <span class='ocrx_word' id='word_1_170' title='bbox 763 2731 815 2790; x_wconf 83' lang='grc' dir='ltr'><strong><em>καί</em></strong></span> <span class='ocrx_word' id='word_1_171' title='bbox 836 2727 1003 2805; x_wconf 79' lang='grc' dir='ltr'><strong><em>ἀρσενικῶς</em></strong></span> <span class='ocrx_word' id='word_1_172' title='bbox 1018 2728 1068 2788; x_wconf 83' lang='grc' dir='ltr'><strong><em>καί</em></strong></span> <span class='ocrx_word' id='word_1_173' title='bbox 1082 2727 1228 2805; x_wconf 80' lang='grc' dir='ltr'><strong><em>θηλυκῶς</em></strong></span> 
     </span>
     <span class='ocr_line' id='line_1_22' title="bbox 75 2817 1229 2901; baseline -0.001 -22"><span class='ocrx_word' id='word_1_174' title='bbox 75 2821 122 2880; x_wconf 83' lang='grc' dir='ltr'><strong><em>καί</em></strong></span> <span class='ocrx_word' id='word_1_175' title='bbox 142 2817 322 2900; x_wconf 77' lang='grc' dir='ltr'><strong><em>οὐδετέρως,</em></strong></span> <span class='ocrx_word' id='word_1_176' title='bbox 344 2841 418 2897; x_wconf 82' lang='lat' dir='ltr'><strong>quae</strong></span> <span class='ocrx_word' id='word_1_177' title='bbox 439 2844 493 2901; x_wconf 83' lang='lat' dir='ltr'><strong><em>ego</em></strong></span> <span class='ocrx_word' id='word_1_178' title='bbox 513 2828 552 2882; x_wconf 83' lang='lat' dir='ltr'><strong>ita</strong></span> <span class='ocrx_word' id='word_1_179' title='bbox 572 2825 778 2900; x_wconf 81' lang='lat' dir='ltr'><strong>intelligebam,</strong></span> <span class='ocrx_word' id='word_1_180' title='bbox 798 2834 857 2882; x_wconf 84' lang='lat' dir='ltr'><strong>tres</strong></span> <span class='ocrx_word' id='word_1_181' title='bbox 876 2823 959 2880; x_wconf 79' lang='lat' dir='ltr'><strong>liuius</strong></span> <span class='ocrx_word' id='word_1_182' title='bbox 980 2824 1100 2880; x_wconf 90' lang='lat' dir='ltr'><strong>nominis</strong></span> <span class='ocrx_word' id='word_1_183' title='bbox 1120 2823 1229 2879; x_wconf 86' lang='lat' dir='ltr'><strong>fonnas</strong></span> 
     </span>
     <span class='ocr_line' id='line_1_23' title="bbox 76 2907 1226 2994; baseline -0.002 -20"><span class='ocrx_word' id='word_1_184' title='bbox 76 2925 103 2974; x_wconf 79' lang='lat' dir='ltr'><strong>et</strong></span> <span class='ocrx_word' id='word_1_185' title='bbox 119 2933 228 2993; x_wconf 75' lang='lat' dir='ltr'><strong>genere</strong></span> <span class='ocrx_word' id='word_1_186' title='bbox 247 2933 327 2984; x_wconf 80' lang='lat' dir='ltr'><strong>eme,</strong></span> <span class='ocrx_word' id='word_1_187' title='bbox 353 2908 370 2974; x_wconf 80' lang='grc' dir='ltr'><strong>ὁ</strong></span> <span class='ocrx_word' id='word_1_188' title='bbox 390 2909 559 2994; x_wconf 80' lang='grc' dir='ltr'><strong><em>Ἀδράμης,</em></strong></span> <span class='ocrx_word' id='word_1_189' title='bbox 574 2910 605 2994; x_wconf 78' lang='grc' dir='ltr'><em>ἢ</em></span> <span class='ocrx_word' id='word_1_190' title='bbox 624 2909 833 2994; x_wconf 77' lang='grc' dir='ltr'><strong><em>Ἀδρομητός,</em></strong></span> <span class='ocrx_word' id='word_1_191' title='bbox 858 2910 894 2975; x_wconf 85' lang='grc' dir='ltr'><strong><em>τὸ</em></strong></span> <span class='ocrx_word' id='word_1_192' title='bbox 917 2907 1116 2992; x_wconf 82' lang='grc' dir='ltr'><strong><em>Ἀδρομητάν.</em></strong></span> <span class='ocrx_word' id='word_1_193' title='bbox 1138 2925 1226 2992; x_wconf 84' lang='lat' dir='ltr'><strong>atque</strong></span> 
     </span>
     <span class='ocr_line' id='line_1_24' title="bbox 70 3001 1227 3086; baseline -0.003 -20"><span class='ocrx_word' id='word_1_194' title='bbox 70 3001 223 3084; x_wconf 85' lang='grc' dir='ltr'><strong><em>Ἀδράμης</em></strong></span> <span class='ocrx_word' id='word_1_195' title='bbox 246 3014 364 3084; x_wconf 83' lang='lat' dir='ltr'><strong>praeter</strong></span> <span class='ocrx_word' id='word_1_196' title='bbox 388 3007 507 3066; x_wconf 82' lang='lat' dir='ltr'><strong>Diodor.</strong></span> <span class='ocrx_word' id='word_1_197' title='bbox 528 3009 587 3067; x_wconf 85' lang='lat' dir='ltr'><strong>Sic.</strong></span> <span class='ocrx_word' id='word_1_198' title='bbox 609 3009 895 3083; x_wconf 65' lang='lat' dir='ltr'><strong>uultusque.</strong></span> <span class='ocrx_word' id='word_1_199' title='bbox 917 3015 982 3069; x_wconf 77' lang='lat'><strong>109.</strong></span> <span class='ocrx_word' id='word_1_200' title='bbox 1008 3010 1071 3086; x_wconf 84' lang='lat' dir='ltr'><strong>ipse</strong></span> <span class='ocrx_word' id='word_1_201' title='bbox 1098 3008 1227 3084; x_wconf 80' lang='lat' dir='ltr'><strong>agnoscit</strong></span> 
     </span>
     <span class='ocr_line' id='line_1_25' title="bbox 76 3091 1227 3180; baseline -0.003 -22"><span class='ocrx_word' id='word_1_202' title='bbox 76 3100 239 3180; x_wconf 74' lang='lat' dir='ltr'><strong>Stephanus</strong></span> <span class='ocrx_word' id='word_1_203' title='bbox 265 3117 291 3156; x_wconf 87' lang='lat' dir='ltr'><strong><em>r.</em></strong></span> <span class='ocrx_word' id='word_1_204' title='bbox 311 3091 433 3175; x_wconf 80' lang='grc' dir='ltr'><strong><em>Κάρης,</em></strong></span> <span class='ocrx_word' id='word_1_205' title='bbox 460 3094 619 3179; x_wconf 84' lang='grc' dir='ltr'><strong><em>Κάρητος,</em></strong></span> <span class='ocrx_word' id='word_1_206' title='bbox 644 3094 740 3168; x_wconf 83' lang='grc' dir='ltr'><strong><em>πόλις,</em></strong></span> <span class='ocrx_word' id='word_1_207' title='bbox 768 3093 810 3168; x_wconf 83' lang='grc' dir='ltr'><strong><em>ὡς</em></strong></span> <span class='ocrx_word' id='word_1_208' title='bbox 832 3093 959 3179; x_wconf 77' lang='grc' dir='ltr'><strong><em>Φάγρης</em></strong></span> <span class='ocrx_word' id='word_1_209' title='bbox 978 3095 1107 3174; x_wconf 84' lang='grc' dir='ltr'><strong><em>Μένδης</em></strong></span> <span class='ocrx_word' id='word_1_210' title='bbox 1121 3091 1227 3174; x_wconf 82' lang='grc' dir='ltr'><strong><em>Ἀδρά-</em></strong></span> 
     </span>
     <span class='ocr_line' id='line_1_26' title="bbox 75 3184 1226 3271; baseline -0.003 -22"><span class='ocrx_word' id='word_1_211' title='bbox 75 3213 140 3269; x_wconf 82' lang='grc' dir='ltr'><strong><em>μης.</em></strong></span> <span class='ocrx_word' id='word_1_212' title='bbox 160 3187 197 3251; x_wconf 79' lang='grc' dir='ltr'><strong><em>τὸ</em></strong></span> <span class='ocrx_word' id='word_1_213' title='bbox 218 3187 343 3250; x_wconf 78' lang='grc' dir='ltr'><strong><em>έθνικὸν</em></strong></span> <span class='ocrx_word' id='word_1_214' title='bbox 361 3185 529 3268; x_wconf 84' lang='grc' dir='ltr'><strong><em>Κυρήσιος,</em></strong></span> <span class='ocrx_word' id='word_1_215' title='bbox 549 3195 709 3271; x_wconf 83' lang='lat' dir='ltr'><strong>iterumque</strong></span> <span class='ocrx_word' id='word_1_216' title='bbox 731 3212 756 3249; x_wconf 79' lang='lat' dir='ltr'><strong><em>v.</em></strong></span> <span class='ocrx_word' id='word_1_217' title='bbox 772 3187 880 3269; x_wconf 85' lang='grc' dir='ltr'><strong><em>Βέρης,</em></strong></span> <span class='ocrx_word' id='word_1_218' title='bbox 900 3185 988 3259; x_wconf 86' lang='grc' dir='ltr'><strong><em>πόλις</em></strong></span> <span class='ocrx_word' id='word_1_219' title='bbox 1006 3185 1144 3271; x_wconf 79' lang='grc' dir='ltr'><strong><em>Θρᾴκης,</em></strong></span> <span class='ocrx_word' id='word_1_220' title='bbox 1165 3184 1226 3246; x_wconf 82' lang='grc' dir='ltr'><strong><em>ἀπὸ</em></strong></span> 
     </span>
     <span class='ocr_line' id='line_1_27' title="bbox 77 3272 1228 3360; baseline -0.008 -16"><span class='ocrx_word' id='word_1_221' title='bbox 77 3281 210 3360; x_wconf 88' lang='grc' dir='ltr'><strong><em>Βέρητυς</em></strong></span> <span class='ocrx_word' id='word_1_222' title='bbox 228 3279 298 3341; x_wconf 76' lang='lat' dir='ltr'><strong>uiuri</strong></span> <span class='ocrx_word' id='word_1_223' title='bbox 317 3276 512 3352; x_wconf 85' lang='grc' dir='ltr'><strong><em>Μακεδόνος.</em></strong></span> <span class='ocrx_word' id='word_1_224' title='bbox 534 3279 569 3344; x_wconf 81' lang='grc' dir='ltr'><strong><em>τὸ</em></strong></span> <span class='ocrx_word' id='word_1_225' title='bbox 589 3280 713 3344; x_wconf 79' lang='grc' dir='ltr'><strong><em>ίθνικδν</em></strong></span> <span class='ocrx_word' id='word_1_226' title='bbox 732 3278 894 3360; x_wconf 81' lang='grc' dir='ltr'><strong><em>Βιρήσιος,</em></strong></span> <span class='ocrx_word' id='word_1_227' title='bbox 915 3276 957 3350; x_wconf 87' lang='grc' dir='ltr'><strong><em>ῶς</em></strong></span> <span class='ocrx_word' id='word_1_228' title='bbox 979 3272 1158 3358; x_wconf 80' lang='grc' dir='ltr'><strong><em>Φαγρήσιος</em></strong></span> <span class='ocrx_word' id='word_1_229' title='bbox 1177 3275 1228 3336; x_wconf 82' lang='grc' dir='ltr'><strong><em>καί</em></strong></span> 
     </span>
     <span class='ocr_line' id='line_1_28' title="bbox 71 3366 1229 3455; baseline -0.005 -22"><span class='ocrx_word' id='word_1_230' title='bbox 71 3369 284 3455; x_wconf 79' lang='grc' dir='ltr'><strong><em>Ἀδρυμήσιος.</em></strong></span> <span class='ocrx_word' id='word_1_231' title='bbox 317 3378 372 3434; x_wconf 85' lang='lat' dir='ltr'><strong><em>inm</em></strong></span> <span class='ocrx_word' id='word_1_232' title='bbox 400 3379 494 3454; x_wconf 85' lang='lat' dir='ltr'><strong>pergit</strong></span> <span class='ocrx_word' id='word_1_233' title='bbox 519 3371 661 3453; x_wconf 81' lang='grc' dir='ltr'><strong><em>κέκληται</em></strong></span> <span class='ocrx_word' id='word_1_234' title='bbox 687 3373 720 3436; x_wconf 79' lang='grc' dir='ltr'><strong><em>δέ</em></strong></span> <span class='ocrx_word' id='word_1_235' title='bbox 746 3371 808 3434; x_wconf 83' lang='grc' dir='ltr'><strong><em>ἀπό</em></strong></span> <span class='ocrx_word' id='word_1_236' title='bbox 833 3394 915 3443; x_wconf 87' lang='grc' dir='ltr'><strong><em>τινος</em></strong></span> <span class='ocrx_word' id='word_1_237' title='bbox 936 3366 1142 3452; x_wconf 82' lang='grc' dir='ltr'><strong><em>Ἀδράμητος,</em></strong></span> <span class='ocrx_word' id='word_1_238' title='bbox 1173 3371 1229 3447; x_wconf 79' lang='grc' dir='ltr'><strong><em>τῆς</em></strong></span> 
     </span>
     <span class='ocr_line' id='line_1_29' title="bbox 75 3456 1229 3545; baseline -0.004 -20"><span class='ocrx_word' id='word_1_239' title='bbox 75 3469 190 3545; x_wconf 75' lang='grc' dir='ltr'><strong><em>γενικῆς</em></strong></span> <span class='ocrx_word' id='word_1_240' title='bbox 209 3465 426 3544; x_wconf 72' lang='grc' dir='ltr'><strong><em>ταραχθείσης</em></strong></span> <span class='ocrx_word' id='word_1_241' title='bbox 445 3465 487 3537; x_wconf 77' lang='grc' dir='ltr'><strong><em>τίς</em></strong></span> <span class='ocrx_word' id='word_1_242' title='bbox 511 3462 650 3538; x_wconf 79' lang='grc' dir='ltr'><strong><em>εὐθεῖαν,</em></strong></span> <span class='ocrx_word' id='word_1_243' title='bbox 676 3467 728 3527; x_wconf 86' lang='grc' dir='ltr'><strong><em>καί</em></strong></span> <span class='ocrx_word' id='word_1_244' title='bbox 753 3464 788 3527; x_wconf 86' lang='grc' dir='ltr'><strong><em>τὸ</em></strong></span> <span class='ocrx_word' id='word_1_245' title='bbox 814 3463 938 3528; x_wconf 79' lang='grc' dir='ltr'><strong><em>ἐθνικὸν</em></strong></span> <span class='ocrx_word' id='word_1_246' title='bbox 956 3457 1162 3544; x_wconf 83' lang='grc' dir='ltr'><strong><em>Ἀδρυμήτιος</em></strong></span> <span class='ocrx_word' id='word_1_247' title='bbox 1187 3456 1229 3530; x_wconf 84' lang='grc' dir='ltr'><strong><em>ῶς</em></strong></span> 
     </span>
     <span class='ocr_line' id='line_1_30' title="bbox 75 3550 1228 3640; baseline -0.003 -23"><span class='ocrx_word' id='word_1_248' title='bbox 75 3553 240 3636; x_wconf 81' lang='grc' dir='ltr'><strong><em>Βηράτιυς,</em></strong></span> <span class='ocrx_word' id='word_1_249' title='bbox 262 3579 337 3636; x_wconf 82' lang='lat' dir='ltr'><strong>quae</strong></span> <span class='ocrx_word' id='word_1_250' title='bbox 358 3561 510 3619; x_wconf 78' lang='lat' dir='ltr'><strong>manifesto</strong></span> <span class='ocrx_word' id='word_1_251' title='bbox 530 3571 663 3640; x_wconf 80' lang='lat' dir='ltr'><strong>spectant</strong></span> <span class='ocrx_word' id='word_1_252' title='bbox 684 3562 720 3619; x_wconf 84' lang='lat' dir='ltr'><strong><em>ad</em></strong></span> <span class='ocrx_word' id='word_1_253' title='bbox 741 3563 848 3620; x_wconf 78' lang='lat' dir='ltr'><strong>innuas</strong></span> <span class='ocrx_word' id='word_1_254' title='bbox 868 3551 1060 3638; x_wconf 83' lang='grc' dir='ltr'><strong><em>Ἀδρυμητός</em></strong></span> <span class='ocrx_word' id='word_1_255' title='bbox 1080 3568 1109 3615; x_wconf 89' lang='lat' dir='ltr'><strong>et</strong></span> <span class='ocrx_word' id='word_1_256' title='bbox 1121 3550 1228 3631; x_wconf 81' lang='grc' dir='ltr'><strong><em>Ἀδρυ·</em></strong></span> 
     </span>
     <span class='ocr_line' id='line_1_31' title="bbox 74 3645 1229 3732; baseline -0.003 -23"><span class='ocrx_word' id='word_1_257' title='bbox 74 3645 178 3729; x_wconf 85' lang='grc' dir='ltr'><strong><em>μητόν.</em></strong></span> <span class='ocrx_word' id='word_1_258' title='bbox 199 3653 245 3710; x_wconf 80' lang='lat' dir='ltr'><strong><em>his</em></strong></span> <span class='ocrx_word' id='word_1_259' title='bbox 265 3655 352 3712; x_wconf 81' lang='lat' dir='ltr'><strong>insert</strong></span> <span class='ocrx_word' id='word_1_260' title='bbox 371 3653 472 3720; x_wconf 88' lang='lat' dir='ltr'><strong>melius</strong></span> <span class='ocrx_word' id='word_1_261' title='bbox 493 3673 557 3714; x_wconf 77' lang='lat' dir='ltr'><strong>esse</strong></span> <span class='ocrx_word' id='word_1_262' title='bbox 570 3647 727 3732; x_wconf 64' lang='grc' dir='ltr'><strong><em>Ἀδρίηιης</em></strong></span> <span class='ocrx_word' id='word_1_263' title='bbox 741 3666 772 3713; x_wconf 84' lang='lat' dir='ltr'><strong>et</strong></span> <span class='ocrx_word' id='word_1_264' title='bbox 782 3646 1000 3729; x_wconf 78' lang='grc' dir='ltr'><strong><em>Ἅδρυμήσιος,</em></strong></span> <span class='ocrx_word' id='word_1_265' title='bbox 1022 3671 1141 3728; x_wconf 82' lang='lat' dir='ltr'><strong>quorum</strong></span> <span class='ocrx_word' id='word_1_266' title='bbox 1155 3650 1229 3708; x_wconf 77' lang='lat' dir='ltr'><strong>haec</strong></span> 
     </span>
     <span class='ocr_line' id='line_1_32' title="bbox 75 3737 1228 3823; baseline -0.005 -19"><span class='ocrx_word' id='word_1_267' title='bbox 75 3747 216 3804; x_wconf 76' lang='lat' dir='ltr'><strong>sententia</strong></span> <span class='ocrx_word' id='word_1_268' title='bbox 243 3755 302 3814; x_wconf 86' lang='lat' dir='ltr'><strong>est,</strong></span> <span class='ocrx_word' id='word_1_269' title='bbox 333 3747 416 3804; x_wconf 79' lang='lat' dir='ltr'><strong>alteri</strong></span> <span class='ocrx_word' id='word_1_270' title='bbox 446 3747 557 3804; x_wconf 79' lang='lat' dir='ltr'><strong>formae</strong></span> <span class='ocrx_word' id='word_1_271' title='bbox 581 3739 773 3823; x_wconf 79' lang='grc' dir='ltr'><strong><em>Ἀδρυμητός</em></strong></span> <span class='ocrx_word' id='word_1_272' title='bbox 797 3747 841 3803; x_wconf 83' lang='lat' dir='ltr'><strong><em>rel</em></strong></span> <span class='ocrx_word' id='word_1_273' title='bbox 860 3737 1054 3821; x_wconf 81' lang='grc' dir='ltr'><strong><em>Ἀδρυμητάν</em></strong></span> <span class='ocrx_word' id='word_1_274' title='bbox 1079 3752 1228 3821; x_wconf 81' lang='lat' dir='ltr'><strong>praestare</strong></span> 
     </span>
     <span class='ocr_line' id='line_1_33' title="bbox 69 3829 1228 3917; baseline -0.003 -23"><span class='ocrx_word' id='word_1_275' title='bbox 69 3829 231 3912; x_wconf 81' lang='grc' dir='ltr'><strong><em>Ἀδράμης,</em></strong></span> <span class='ocrx_word' id='word_1_276' title='bbox 253 3855 270 3894; x_wconf 84' lang='grc' dir='ltr'><strong><em>ε</em></strong></span> <span class='ocrx_word' id='word_1_277' title='bbox 285 3857 342 3914; x_wconf 84' lang='lat' dir='ltr'><strong><em>qua</em></strong></span> <span class='ocrx_word' id='word_1_278' title='bbox 358 3839 465 3914; x_wconf 81' lang='lat' dir='ltr'><strong>gentile</strong></span> <span class='ocrx_word' id='word_1_279' title='bbox 480 3838 598 3896; x_wconf 82' lang='lat' dir='ltr'><strong>sonnari</strong></span> <span class='ocrx_word' id='word_1_280' title='bbox 611 3831 827 3917; x_wconf 80' lang='grc' dir='ltr'><strong><em>Ἅδρυμήσιος.</em></strong></span> <span class='ocrx_word' id='word_1_281' title='bbox 848 3855 924 3904; x_wconf 81' lang='lat' dir='ltr'><strong>narn,</strong></span> <span class='ocrx_word' id='word_1_282' title='bbox 943 3839 1044 3912; x_wconf 90' lang='lat' dir='ltr'><strong>inquit,</strong></span> <span class='ocrx_word' id='word_1_283' title='bbox 1064 3835 1228 3892; x_wconf 80' lang='lat' dir='ltr'><strong>nominativi</strong></span> 
     </span>
     <span class='ocr_line' id='line_1_34' title="bbox 74 3929 1226 4008; baseline -0.003 -21"><span class='ocrx_word' id='word_1_284' title='bbox 74 3933 227 4008; x_wconf 77' lang='lat' dir='ltr'><strong>agenitiro</strong></span> <span class='ocrx_word' id='word_1_285' title='bbox 245 3929 361 3987; x_wconf 80' lang='lat' dir='ltr'><strong>surmnti</strong></span> <span class='ocrx_word' id='word_1_286' title='bbox 380 3932 410 3988; x_wconf 90' lang='lat' dir='ltr'><strong><em>in</em></strong></span> <span class='ocrx_word' id='word_1_287' title='bbox 430 3949 517 4008; x_wconf 81' lang='lat' dir='ltr'><strong>prusa</strong></span> <span class='ocrx_word' id='word_1_288' title='bbox 537 3933 666 3989; x_wconf 81' lang='lat' dir='ltr'><strong>oratione</strong></span> <span class='ocrx_word' id='word_1_289' title='bbox 686 3941 752 3988; x_wconf 74' lang='lat' dir='ltr'><strong>urunt</strong></span> <span class='ocrx_word' id='word_1_290' title='bbox 771 3929 918 3987; x_wconf 83' lang='lat' dir='ltr'><strong>rarissimi.</strong></span> <span class='ocrx_word' id='word_1_291' title='bbox 939 3931 978 3986; x_wconf 84' lang='lat' dir='ltr'><strong>itn</strong></span> <span class='ocrx_word' id='word_1_292' title='bbox 999 3931 1024 3986; x_wconf 85' lang='lat' dir='ltr'><strong><em>si</em></strong></span> <span class='ocrx_word' id='word_1_293' title='bbox 1044 3929 1116 3986; x_wconf 80' lang='lat' dir='ltr'><strong>haec</strong></span> <span class='ocrx_word' id='word_1_294' title='bbox 1136 3929 1226 3985; x_wconf 86' lang='lat' dir='ltr'><strong>inter·</strong></span> 
     </span>
     <span class='ocr_line' id='line_1_35' title="bbox 74 4021 1225 4101; baseline -0.006 -19"><span class='ocrx_word' id='word_1_295' title='bbox 74 4025 208 4101; x_wconf 74' lang='lat' dir='ltr'><strong>proteris,</strong></span> <span class='ocrx_word' id='word_1_296' title='bbox 229 4022 300 4078; x_wconf 86' lang='lat' dir='ltr'><strong>nihil</strong></span> <span class='ocrx_word' id='word_1_297' title='bbox 322 4021 497 4080; x_wconf 78' lang='lat' dir='ltr'><strong>difficultatis</strong></span> <span class='ocrx_word' id='word_1_298' title='bbox 517 4033 616 4081; x_wconf 81' lang='lat' dir='ltr'><strong>restat.</strong></span> <span class='ocrx_word' id='word_1_299' title='bbox 643 4025 805 4080; x_wconf 78' lang='lat' dir='ltr'><strong>obscurarit</strong></span> <span class='ocrx_word' id='word_1_300' title='bbox 824 4041 884 4079; x_wconf 86' lang='lat' dir='ltr'><strong><em>rem</em></strong></span> <span class='ocrx_word' id='word_1_301' title='bbox 906 4023 1091 4099; x_wconf 85' lang='lat' dir='ltr'><strong>epitomator,</strong></span> <span class='ocrx_word' id='word_1_302' title='bbox 1112 4021 1225 4077; x_wconf 82' lang='lat' dir='ltr'><strong>criticos</strong></span> 
     </span>
     <span class='ocr_line' id='line_1_36' title="bbox 73 4105 1226 4191; baseline -0.006 -18"><span class='ocrx_word' id='word_1_303' title='bbox 73 4129 163 4176; x_wconf 78' lang='lat' dir='ltr'><strong>autem</strong></span> <span class='ocrx_word' id='word_1_304' title='bbox 185 4116 303 4176; x_wconf 80' lang='lat' dir='ltr'><strong>seduxit</strong></span> <span class='ocrx_word' id='word_1_305' title='bbox 324 4115 399 4190; x_wconf 88' lang='lat' dir='ltr'><strong>quud</strong></span> <span class='ocrx_word' id='word_1_306' title='bbox 419 4108 575 4190; x_wconf 81' lang='grc' dir='ltr'><strong><em>Ἀδράμης</em></strong></span> <span class='ocrx_word' id='word_1_307' title='bbox 595 4125 662 4173; x_wconf 79' lang='lat' dir='ltr'><strong>ente</strong></span> <span class='ocrx_word' id='word_1_308' title='bbox 684 4118 768 4173; x_wconf 82' lang='lat' dir='ltr'><strong>rerba</strong></span> <span class='ocrx_word' id='word_1_309' title='bbox 788 4111 839 4171; x_wconf 82' lang='grc' dir='ltr'><strong><em>καί</em></strong></span> <span class='ocrx_word' id='word_1_310' title='bbox 853 4105 1061 4191; x_wconf 79' lang='grc' dir='ltr'><strong><em>Ἀδρυμήσιος</em></strong></span> <span class='ocrx_word' id='word_1_311' title='bbox 1080 4131 1134 4190; x_wconf 87' lang='lat' dir='ltr'><strong><em>pru</em></strong></span> <span class='ocrx_word' id='word_1_312' title='bbox 1154 4130 1226 4187; x_wconf 84' lang='lat' dir='ltr'><strong>gen-</strong></span> 
     </span>
     <span class='ocr_line' id='line_1_37' title="bbox 73 4198 1228 4284; baseline -0.004 -20"><span class='ocrx_word' id='word_1_313' title='bbox 73 4209 110 4266; x_wconf 89' lang='lat' dir='ltr'><strong>tili</strong></span> <span class='ocrx_word' id='word_1_314' title='bbox 144 4211 322 4266; x_wconf 80' lang='lat' dir='ltr'><strong>lralurerunt.</strong></span> <span class='ocrx_word' id='word_1_315' title='bbox 367 4219 492 4265; x_wconf 84' lang='lat' dir='ltr'><strong>ceterum</strong></span> <span class='ocrx_word' id='word_1_316' title='bbox 525 4210 610 4266; x_wconf 83' lang='lat' dir='ltr'><strong>etium</strong></span> <span class='ocrx_word' id='word_1_317' title='bbox 643 4217 745 4284; x_wconf 77' lang='lat' dir='ltr'><strong>quarta</strong></span> <span class='ocrx_word' id='word_1_318' title='bbox 776 4206 870 4262; x_wconf 82' lang='lat' dir='ltr'><strong>forma</strong></span> <span class='ocrx_word' id='word_1_319' title='bbox 907 4216 950 4264; x_wconf 81' lang='lat' dir='ltr'><strong>est</strong></span> <span class='ocrx_word' id='word_1_320' title='bbox 978 4198 1131 4281; x_wconf 80' lang='grc' dir='ltr'><strong><em>Ἀδράμη,</em></strong></span> <span class='ocrx_word' id='word_1_321' title='bbox 1170 4221 1228 4279; x_wconf 80' lang='lat' dir='ltr'><strong><em>qun</em></strong></span> 
     </span>
     <span class='ocr_line' id='line_1_38' title="bbox 72 4283 1228 4377; baseline -0.009 -18"><span class='ocrx_word' id='word_1_322' title='bbox 72 4301 172 4361; x_wconf 79' lang='lat' dir='ltr'><strong>Strnlro</strong></span> <span class='ocrx_word' id='word_1_323' title='bbox 194 4307 244 4369; x_wconf 86' lang='lat'><strong><em>17,</em></strong></span> <span class='ocrx_word' id='word_1_324' title='bbox 265 4283 444 4368; x_wconf 47' lang='lat' dir='ltr'><strong>834⁸utitur,</strong></span> <span class='ocrx_word' id='word_1_325' title='bbox 465 4299 660 4377; x_wconf 77' lang='lat' dir='ltr'><strong>comparanda</strong></span> <span class='ocrx_word' id='word_1_326' title='bbox 681 4299 730 4356; x_wconf 80' lang='lat' dir='ltr'><strong>illa</strong></span> <span class='ocrx_word' id='word_1_327' title='bbox 751 4319 814 4356; x_wconf 84' lang='lat' dir='ltr'><strong>cunr</strong></span> <span class='ocrx_word' id='word_1_328' title='bbox 833 4293 940 4373; x_wconf 81' lang='grc' dir='ltr'><strong><em>Ἀκέλη</em></strong></span> <span class='ocrx_word' id='word_1_329' title='bbox 960 4293 1083 4372; x_wconf 84' lang='grc' dir='ltr'><strong><em>Ἀκέλης</em></strong></span> <span class='ocrx_word' id='word_1_330' title='bbox 1102 4304 1131 4352; x_wconf 90' lang='lat' dir='ltr'><strong>et</strong></span> <span class='ocrx_word' id='word_1_331' title='bbox 1151 4287 1228 4351; x_wconf 80' lang='grc' dir='ltr'><strong><em>Ἀκί·</em></strong></span> 
     </span>
     <span class='ocr_line' id='line_1_39' title="bbox 71 4383 1164 4469; baseline -0.005 -21"><span class='ocrx_word' id='word_1_332' title='bbox 71 4393 120 4468; x_wconf 84' lang='grc' dir='ltr'><strong><em>λης</em></strong></span> <span class='ocrx_word' id='word_1_333' title='bbox 133 4391 311 4468; x_wconf 80' lang='grc' dir='ltr'><strong><em>Ἀκέλητυς.</em></strong></span> <span class='ocrx_word' id='word_1_334' title='bbox 338 4410 434 4450; x_wconf 81' lang='lat' dir='ltr'><strong>rerrrm</strong></span> <span class='ocrx_word' id='word_1_335' title='bbox 455 4391 501 4448; x_wconf 87' lang='lat' dir='ltr'><strong>iric</strong></span> <span class='ocrx_word' id='word_1_336' title='bbox 522 4411 636 4469; x_wconf 83' lang='lat' dir='ltr'><strong>qunque</strong></span> <span class='ocrx_word' id='word_1_337' title='bbox 657 4413 673 4451; x_wconf 86' lang='lat' dir='ltr'><strong>e</strong></span> <span class='ocrx_word' id='word_1_338' title='bbox 695 4391 781 4451; x_wconf 84' lang='lat' dir='ltr'><strong>codd.</strong></span> <span class='ocrx_word' id='word_1_339' title='bbox 796 4383 952 4467; x_wconf 81' lang='grc' dir='ltr'><strong><em>Ἀδράμης</em></strong></span> <span class='ocrx_word' id='word_1_340' title='bbox 971 4389 1164 4447; x_wconf 83' lang='lat' dir='ltr'><strong>scribendum.</strong></span> 
     </span>
    </p>
   </div>
   <div class='ocr_carea' id='block_1_6' title="bbox 0 0 1438 5092">
    <p class='ocr_par' dir='ltr' id='par_1_7' title="bbox 0 0 1438 5092">
     <span class='ocr_line' id='line_1_40' title="bbox 0 0 1438 5092; baseline 0 0"><span class='ocrx_word' id='word_1_341' title='bbox 0 0 1438 5092; x_wconf 95' lang='lat' dir='ltr'><strong><em> </em></strong></span> 
     </span>
    </p>
   </div>
  </div>
 </body>
</html>
