2888 5078
610 259 680 332 581

153 445 183 504 Σ
187 434 322 518 όανες,
346 436 449 519 ἔθνος
464 435 627 528 ἀνδρεῖον,
651 436 698 522 ὡς
711 438 873 531 Στράβων
889 441 1046 536 ἑνδεκάτη
1063 442 1230 536 απλησίον

67 558 106 625 δὲ
127 557 184 624 καί
206 553 238 622 οἱ
259 553 425 638 Σόανες”.

152 671 375 764 Σογδιανή,
395 674 518 766 χωρίον
533 678 615 764 περὶ
630 675 691 768 τήν
706 675 925 768 Βακτριανήν,
948 670 988 770 ἧς
1004 677 1037 749 ολ
1060 676 1229 770 οἰκήτορες

67 790 208 882 Σόγδιοι
229 794 286 861 καί
306 789 444 880 Σόγδοι.

154 909 337 996 Σόδομα,
364 911 573 1001 μητρόπολις
599 909 639 1006 ήν
667 923 734 986 τῶν
761 918 842 988 δέκα
865 914 999 987 πόλεων
1018 920 1085 985 τῶν
1106 917 1165 986 ἐπὶ
1185 920 1252 1008 τήν

61 1029 298 1121 Ἀσφαλτίτιδι
320 1031 419 1122 λίμνη
440 1041 750 1126 καταστραφεισῶν.
795 1031 813 1104 ὃ
838 1033 978 1125 πολίτης
998 1033 1197 1123 Σοδομίτης.

150 1148 318 1232 Σολκοί,
337 1148 445 1232 πόλις
466 1150 502 1221 ιἐν
524 1157 666 1242 Σαρδοῖ,
690 1148 737 1234 ὡς
761 1150 1004 1244 Ἀρτεμίδωρος
1025 1154 1060 1223 δν
1082 1154 1228 1244 ἐπιτομῇ

69 1265 165 1362 αδιτό
189 1271 227 1340 δὲ
249 1268 436 1358 Καρόλεως
463 1270 521 1339 ἐπί
540 1268 727 1351 Σολκοιίς”.

151 1385 339 1470 Σόλλιον,
363 1387 538 1475 Κορίνθου
555 1388 739 1474 πολίχνιον.
778 1390 984 1480 Θουκυδίδης
999 1391 1149 1484 δευτέρᾳ.
1185 1387 1225 1458 τό

67 1503 205 1606 ἐθνικόν
229 1503 404 1587 Σολλιεός,
435 1504 548 1596 ὥσπερ
577 1504 731 1577 Κάλλιον
757 1508 943 1592 Καλλιεός,
970 1506 1113 1579 Σούνιον
1139 1517 1223 1578 Σοο-
1238 1535 1263 1572 ιο

66 1621 164 1706 νιεός,
177 1620 282 1695 ’Ἰλιον
299 1622 429 1706 Ἰλισός.

151 1741 292 1825 Σόλοι,
316 1741 475 1824 Κιλικίας
490 1741 601 1824 πόλις,
622 1741 641 1832 ή
659 1750 715 1813 νῦν
730 1744 1093 1836 Πομπηιοόπολις.
1126 1743 1223 1814 Ἕκα-

65 1869 160 1944 τοῖος
187 1860 295 1954 Ἀσίᾳ.
340 1863 496 1951 κέκληται
528 1863 566 1932 δὲ
599 1859 670 1932 όπό
698 1861 869 1947 Σόλωνος,
902 1861 948 1946 ιίις
977 1861 1158 1955 Εὐφορίων
1190 1865 1224 1934 ἐν

60 1979 282 2072 Ἀλεξάνδρῳ.
314 1979 495 2071 ἅνεκτίσθη
509 1978 579 2051 ὑπὸ
594 1980 779 2071 Πομπηίου
794 1984 851 2052 καί
864 1980 1111 2073 μετωνομάσθη
1124 1991 1223 2069 Πομ-

64 2097 282 2189 πηιοόπολις.
326 2096 344 2170 ὁ
367 2099 507 2190 πολίτης
527 2099 653 2184 Σολεύς
679 2102 737 2171 καί
758 2099 896 2183 Σόλιος,
924 2102 963 2170 τὸ
987 2103 1134 2190 θηλυκὸν
1157 2111 1222 2172 Σο·-
1236 2121 1261 2160 ¹⁵

66 2219 210 2301 λουντίς,
246 2215 292 2302 ὥς
322 2215 392 2288 ἀπὸ
421 2223 481 2322 τῆς
509 2222 638 2302 Σαλα-ῦς
665 2225 862 2303 Σολοῦντος.
907 2218 1091 2302 Διονύσιος
1123 2219 1156 2290 δ’
1189 2222 1224 2292 ἐν
1305 2255 1310 2262 ·

64 2338 164 2429 τρίτῳ
191 2343 414 2427 Βασσαρικιδν
442 2335 623 2408 Σώλειαν
653 2341 744 2430 λέγει
773 2341 832 2410 διὰ
858 2345 919 2411 τοῦ
945 2340 973 2408 ‹T›
999 2341 1060 2430 τήν
1089 2339 1226 2429 πρώτην

64 2461 122 2528 καί
141 2459 203 2549 τήν
223 2457 382 2546 δευτέραν
404 2458 462 2526 διὰ
484 2461 543 2548 τῆς
563 2463 597 2526 ε“ι
618 2457 822 2548 διφθόγγου.
881 2461 888 2474 “

149 2580 318 2659 Σολοῦς,
358 2573 461 2658 πόλις
494 2576 666 2658 Σικελίας,
704 2574 751 2658 τίς
782 2575 957 2657 Ἑκαταῖος
991 2573 1026 2644 ἐν
1060 2572 1220 2665 Εὐρώπη.
1341 2625 1345 2630 -

63 2693 193 2786 ἐκλήθη
220 2697 258 2766 δὲ
287 2692 358 2765 ἆπδ
384 2697 571 2776 Σολοῦντος
598 2696 792 2776 κακοξένου,
824 2687 862 2762 όν
890 2691 1018 2762 ἀνεῖλεν
1041 2689 1221 2782 Ἡρακλῆς.
1233 2717 1261 2778 ,²¹¹

64 2813 84 2884 ὁ
112 2814 253 2904 πολίτης
279 2812 480 2896 Σολοόντιος
504 2813 562 2882 καὶ
582 2816 799 2893 Σολουντῖνος
824 2811 908 2896 μετὰ
935 2815 996 2880 τοῦ
1016 2819 1049 2892 ἰ,
1078 2811 1135 2880 καί
1155 2818 1221 2880 Σο-

62 2933 228 3014 λουντινίς
248 2934 305 3001 καί
324 2928 528 3013 Σολουντιός
550 2932 607 3000 καί
625 2930 818 3012 Σολουντίς.

150 3050 364 3141 Σολόγεια,
401 3050 494 3141 κώμη
523 3049 715 3139 Κορίνθου,
750 3046 796 3131 ὡς
831 3047 1036 3137 Θουκυδίδης
1068 3046 1219 3138 τετάρτη.

62 3173 102 3240 τό
131 3172 267 3262 όιθνικόν
293 3166 439 3261 ὤφειλεν
466 3165 554 3240 εἶναι
575 3167 751 3258 Σολυγεός.
795 3165 867 3238 ἔστι
894 3169 932 3238 δὲ
954 3167 1106 3256 κτητικδν
1129 3174 1219 3260 ς(Σο-

62 3290 195 3382 λόηιιος
217 3286 363 3380 λόφος”.
1231 3311 1257 3350 ιε

150 3407 326 3496 Σόλυμα,
354 3406 457 3490 πόλις
479 3405 676 3499 Ἀσσυρίων,
705 3406 790 3493 μετὰ
817 3406 876 3496 τήν
902 3405 1030 3478 ἅλωσιν
1055 3408 1116 3472 τοῦ
1138 3407 1221 3472 ναοῦ

63 3685 90 3738 1.
111 3669 257 3754 ἑνδεκάτῃ
278 3677 321 3756 (p.
336 3677 407 3751 499)
430 3678 465 3744 Η,
485 3667 738 3755 πεντεκαιδεκάτη
759 3679 793 3745 Α,
813 3669 846 3734 ιε’
866 3676 930 3734 RV.
1009 3680 1037 3734 3.
1055 3665 1223 3750 Σογδιανοί

61 3773 99 3830 R.
197 3765 357 3843 Βακτρίαν
377 3757 415 3845 ἦν
434 3767 471 3827 V.
575 3759 686 3828 5.’τοῖν
706 3763 792 3827 πέντε
813 3761 929 3826 πόλεων
948 3767 1071 3826 Pinedo.
1170 3759 1219 3821 ε’πί

60 3865 99 3942 τῇ
119 3864 181 3931 RV,
201 3860 234 3921 ἓν
253 3861 292 3941 τῇ
311 3865 344 3918 λ.
451 3864 480 3919 7.
502 3857 628 3934 ΣολκοιΊ
650 3853 870 3919 1ο1ιιιΣυλκοι.
976 3865 1005 3919 8.
1026 3850 1221 3934 Καρβάλειος

61 3967 128 4016 ante
148 3957 213 4014 ΒΗ.
303 3961 332 4014 9.
353 3949 542 4035 δευτίρρλε.
562 3957 610 4012 30.
702 3962 748 4014 10.
770 3945 897 4022 Σολιιός
917 3963 982 4011 ante
1003 3953 1040 4010 X.
1133 3940 1218 4023 1252

60 4050 115 4108 νῦν
140 4039 397 4124 Πομπηιοόπολις
422 4047 548 4104 fortasse
574 4045 709 4104 delenda.
827 4047 873 4104 11.
892 4039 1084 4122 Ἀλεξάνδρῳ
1111 4041 1219 4120 PpRV,

53 4137 170 4208 Ἀλε...
191 4145 224 4200 Α.
312 4147 358 4201 111.
381 4133 521 4206 Σικελίας
542 4139 692 4207 Οίυνεεον,
714 4134 854 4206 Κιλικίας
874 4138 948 4196 libri.
1031 4141 1079 4194 20.
1100 4126 1218 4210 ἐκλήθη

62 4235 213 4299 Cluverus,
233 4227 413 4310 ἐκλήθησαν
434 4233 507 4290 libri.
585 4237 633 4292 21.
647 4225 860 4306 Σολουντηνός
878 4231 941 4300 RV,
962 4220 1163 4295 Σολουντινός
1184 4233 1217 4284 Α.

61 4331 167 4386 21.22.
188 4323 391 4402 Σολουντηνίς
410 4327 446 4384 R.
536 4330 584 4384 23.
604 4315 749 4402 τετάρτη]
771 4344 796 4382 c.
817 4327 864 4382 42.
943 4324 1050 4382 2425.
1071 4316 1219 4400 Σολόγως

61 4417 253 4494 Thucydides
273 4421 293 4478 1.
315 4421 334 4478 1.
356 4411 494 4496 Σολύμης
513 4414 612 4500 λόρος
630 4417 734 4476 dicitnr
753 4417 902 4494 Polyaeno
922 4418 1011 4476 δινεῖ.
1035 4421 1060 4484 1,
1081 4421 1128 4474 39.
