2902 5070
755 250 832 325 228

216 463 274 507 και
293 431 427 524 χρυσίον
449 428 636 523 εὑρίσκεται
656 429 778 516 τίμιον,
802 429 995 522 ὀφθαλμῶν
1017 455 1053 500 τε
1075 424 1254 520 φάρμακόν
1270 425 1370 498 ἐστιν.

218 551 237 623 δ
259 549 422 643 νησιώτης
449 547 674 640 Δημονήσιος.

189 731 193 738 .
302 677 456 762 Δῆμος,
487 665 564 760 παρ’
589 666 788 758 Ἀθηναίοις
818 665 838 759 ἡ
867 664 960 755 κώμη
989 667 1047 734 καλ
1076 662 1096 755 ἡ
1124 669 1186 734 τοῦ
1215 662 1374 754 πλήθους

217 785 374 878 συλλογή.
416 787 474 856 καί
497 787 556 855 τὸν
578 786 636 854 ἕνα
657 783 803 876 δημότην
831 783 896 881 αοὐ
916 788 978 870 μὲν
998 783 1088 854 ἔοικε
1110 786 1218 873 δῆμον
1238 782 1372 853 ἐόντα”.

192 909 275 987 ςκαλ
295 907 354 976 τὸν
373 903 481 976 τόπον
504 903 624 999 αδήμῳ
646 907 696 976 ἐνί
721 903 882 996 Τρώιον”.
914 905 972 973 καὶ
993 904 1032 972 τδ
1054 903 1140 971 κατὰ
1162 898 1265 972 πόλιν
1285 905 1373 993 πλή-

218 1035 285 1108 θος
313 1023 349 1095 ἐν
374 1031 445 1105 τοῖς
471 1019 622 1115 ἀρίστοις
652 1021 772 1118 ε(εὐνήν
797 1021 824 1092 τ’
849 1021 1009 1112 αἰδομένη
1031 1020 1156 1104 πόσιος
1184 1018 1308 1112 δήμοιό
1335 1047 1372 1090 τε

216 1140 365 1237 φήμην”.
408 1144 465 1211 καλ
492 1143 532 1212 τδ
556 1139 724 1232 Ἑλλήνων
751 1145 889 1232 πλῆθος
910 1141 973 1224 ἔξω
994 1146 1054 1231 τῆς
1076 1138 1165 1222 ἰδίας
1185 1139 1370 1230 χώρας...

218 1263 327 1358 «θεὸς
353 1258 385 1330 δ’
411 1257 457 1343 δίς
482 1259 572 1330 τίετο
600 1257 736 1350 δήμῳ”.
780 1263 837 1330 καὶ
862 1263 901 1330 τδ
930 1261 1009 1332 ὅλον
1031 1257 1145 1341 ἔθνος.
1188 1263 1245 1330 καί
1263 1257 1371 1330 τόπον

215 1385 251 1455 δν
267 1378 388 1471 Ἰθάκη
410 1377 448 1462 λίς
469 1381 526 1449 καὶ
543 1376 812 1469 Κροκύλειον.
844 1380 901 1448 καί
921 1381 961 1448 τό
984 1385 1051 1447 πᾶν
1067 1380 1246 1469 [πλῆθος]
1269 1376 1315 1460 ώς
1336 1380 1372 1449 ἐν

178 1539 205 1579 10
215 1500 327 1594 Σφηξί
358 1499 439 1593 ατόν
469 1501 576 1588 δῆμον
602 1495 698 1588 ήμῶν
724 1497 886 1586 βούλεται
915 1494 1134 1566 διιοτόνειν”.
1179 1495 1198 1568 5
1228 1497 1371 1590 οίκήτιορ

215 1617 374 1712 δημότης,
403 1613 461 1706 ἀφ’
485 1608 525 1685 οὗ
546 1615 722 1706 δημόσιος,
752 1618 809 1686 καὶ
836 1613 1064 1706 δημοτεόομαι
1089 1613 1163 1685 ἀντὶ
1188 1623 1249 1687 τοῦ
1276 1616 1368 1686 οίκώ.

213 1743 271 1813 καὶ
292 1737 422 1831 δήμιος,
444 1737 502 1805 καί
523 1733 704 1825 δημότερος
726 1732 943 1827 σνμιριτικόν,
966 1731 1026 1803 οδκ
1048 1731 1219 1828 ἀποκοπῇ,
1243 1733 1315 1806 ἀλλ’
1334 1734 1369 1806 ἐν

212 1866 273 1931 τοῦ
301 1859 501 1928 ἐπιθετικοῦ
530 1858 591 1923 τοῦ
621 1850 750 1947 «δῆμον
779 1853 877 1925 δόντα
899 1855 1009 1944 παρὲξ
1029 1852 1267 1944 ἀνορενέμεν”.
1313 1857 1370 1924 καλ

214 1971 394 2066 δημοτικός
420 1973 477 2041 καλ
498 1971 775 2061 δημοτικώτερος,
804 1975 861 2042 καί
889 1970 1087 2063 δημαγωγός
1115 1971 1369 2065 ὁπροεστηκώς

176 2132 202 2172 15
215 2091 332 2186 δήμου,
355 2093 411 2161 καί
433 2089 660 2180 δημοποίητος
681 2089 700 2160 5
723 2090 1004 2180 εἰσπεποιημένος
1032 2089 1177 2180 δημότης
1198 2094 1235 2176 ἐξ
1255 2091 1368 2181 ἑτέρου

214 2213 308 2294 τινδς
330 2207 529 2300 εὐεργεσίας.
562 2211 619 2278 καί
639 2206 797 2294 σύνθετο,
820 2208 1011 2302 δημήλοτος
1031 2209 1204 2296 Αἰσχύλος
1219 2210 1370 2283 Ἱκετίοιν

214 2327 358 2427 «δι’τιμον
372 2324 460 2398 εἶναι
475 2329 533 2409 ξδν
548 2333 637 2420 φυγῇ
652 2327 852 2420 δημηλάτῳ”
879 2327 897 2400 ὁ
920 2327 991 2399 δπδ
1012 2335 1073 2399 τοῦ
1094 2328 1203 2420 δήμου
1216 2330 1366 2413 ε’λαθείς.

211 2451 268 2520 καί
300 2445 530 2538 δημιόπρατον
553 2444 797 2538 Ἀριστοφάνης
818 2447 994 2520 Ἱππεῦσιν
1025 2447 1225 2544 αιἐπίποιοτα
1254 2451 1366 2534 λείξας

211 2565 421 2660 δημιόπραθ’
445 2566 463 2638 5
486 2563 689 2655 βάσκανος”.

174 2730 201 2769 20
299 2685 425 2778 Δηρδ,
447 2692 506 2779 γῆς
523 2684 675 2778 Ἰβηρίας,
696 2678 737 2776 ἧς
755 2683 773 2756 ὁ
789 2688 932 2770 Σικανδς
947 2685 1111 2774 ποταμός.
1146 2686 1179 2758 ολ
1197 2687 1365 2780 οἰκήτορες

211 2814 369 2899 Δηραῖοι.

297 2923 538 3013 Δηρούσιοι,
562 2921 856 3017 ἕθνοςΠεροικόν.
886 2921 1074 3015 Ἡρόδοτος
1092 2923 1123 2993 α’
1148 2927 1306 3020 αΠέρσαι
1328 2925 1361 2997 δ’

212 3043 327 3130 οἱμὲν
346 3041 546 3113 Πενθιώδαι
567 3041 600 3112 ολ
623 3045 663 3112 δὲ
685 3041 871 3132 Δηροόσιοι
893 3041 927 3111 ολ
949 3044 987 3114 δὲ
1008 3043 1238 3137 Καρμόνιοι”.

209 3305 276 3359 1.2.
297 3291 381 3355 ἴστιν
400 3287 416 3353 5
437 3286 586 3369 νησιώτης
606 3293 640 3348 R.
733 3294 762 3351 4.
778 3287 814 3350 οὗ
834 3289 904 3368 μὲν]
927 3295 1011 3352 Hom.
1028 3294 1119 3363 11.12,
1132 3300 1198 3353 212.
1277 3281 1364 3372 ὁμὲν

208 3391 251 3450 Π.
342 3391 370 3446 5.
392 3378 480 3465 δήμῳ
499 3382 542 3442 ίνί
565 3377 695 3459 Τρώιον]
722 3386 830 3462 Odyss.
853 3391 898 3456 13,
918 3391 985 3446 266.
1083 3391 1110 3444 6.
1131 3381 1233 3465 εὐνήν]
1255 3390 1361 3467 Οδηεε.

208 3484 321 3553 16,,75,
419 3472 564 3551 αἰδομένη
584 3479 622 3546 R,
647 3475 811 3555 ιιίδομίνην
830 3480 892 3537 AV.
1008 3485 1036 3539 7.
1058 3480 1180 3536 indicavi
1201 3482 1342 3541 lacunam.

206 3577 234 3632 8.
246 3566 321 3637 θεὸς
340 3561 371 3626 δ’
393 3559 448 3640 ὣς]
469 3568 500 3624 ll.
513 3573 559 3639 13,
580 3576 646 3631 218.
726 3565 820 3641 τόπος
840 3574 876 3630 R.
955 3566 1174 3649 9.1νἸθα’κη]
1197 3576 1232 3633 V.
1253 3576 1361 3653 Odyss.

207 3671 235 3733 9,
248 3665 316 3722 555.
335 3660 433 3734 ibique
451 3659 643 3732 Eustathium,
663 3685 747 3741 quem
769 3665 833 3722 vide
853 3667 921 3723 item
942 3665 981 3722 ad
1000 3666 1032 3722 ΙΙ.
1045 3670 1073 3734 2,
1083 3669 1150 3722 633.
1229 3688 1292 3724 παν
1304 3669 1340 3727 R.

206 3754 329 3831 πλῆθος
350 3750 419 3810 add.
440 3752 609 3813 Salmasius.
630 3757 659 3812 in
679 3756 758 3812 libris
778 3775 829 3814 sex
849 3767 995 3834 septemve
1016 3759 1162 3816 literarum
1183 3759 1286 3818 lacuna
1305 3771 1359 3820 est.

206 3854 253 3907 10.
275 3839 377 3922 Σφηξί
398 3844 451 3918 (vs.
463 3844 514 3914 41)
535 3847 599 3915 ΒΗ,
614 3842 750 3904 Ἱππεῦσι
771 3847 844 3906 libri.
942 3853 989 3907 12.
1010 3847 1125 3928 δκκοπῇ
1145 3851 1180 3918 R,
1200 3849 1295 3931 ε’κοπῇ
1313 3851 1357 3922 Π,

205 3927 278 4000 ἐκνῧ
299 3937 336 3992 V.
453 3939 499 3993 13.
519 3939 576 3996 τοῦ
594 3939 721 3997 θετικοῦ
740 3940 910 3998 Salmasius.
1018 3940 1131 4019 δῆμον]
1152 3944 1184 4001 ΙΙ.
1207 3949 1252 4016 12,
1273 3949 1339 4004 212.

206 4037 253 4092 16.
275 4019 451 4104 δημήλατος
471 4028 507 4096 Η,
527 4023 705 4106 δημηλιίτης
725 4032 798 4090 libri.
872 4027 1023 4110 Ἱκετίσιν]
1046 4055 1085 4093 νε.
1099 4037 1165 4094 614.
1245 4043 1291 4096 17.
1307 4037 1357 4114 δη-

203 4115 330 4198 μηλάτῳ
351 4116 418 4183 Rv,
443 4112 618 4190 δημηλοίτον
637 4126 671 4181 Α.
768 4119 849 4185 ὖπδλ
937 4132 983 4186 18.
999 4123 1167 4202 Ἱππεῦσιν]
1189 4149 1230 4188 vs.
1252 4135 1318 4190 103.

203 4219 251 4273 20.
263 4211 302 4286 μῆ
318 4202 454 4283 Ἰβηρίας
468 4207 503 4263 Η.
518 4208 584 4268 sort.
598 4209 711 4290 [πόλις]
726 4217 782 4293 τῆς
794 4212 936 4294 Ἰβηρίας.
1017 4215 1087 4295 [δι’]
1103 4205 1160 4296 ἧςλ
1235 4227 1283 4281 22.
1293 4220 1357 4298 Δη·

201 4297 322 4381 ρονσίσι
341 4302 377 4358 R.
495 4292 538 4373 α’]
559 4323 584 4362 c.
606 4312 670 4367 125.
698 4311 745 4366 ubi
766 4309 880 4382 legitur:
901 4307 1023 4390 Πίρσαι
1043 4312 1100 4371 εἰσί
1121 4311 1194 4383 οἵδε,
1216 4313 1358 4373 Πανθια-

200 4398 281 4456 λαῖοι
300 4388 504 4467 Δηρονσιαῖοι
523 4389 555 4450 Γ
551 4387 697 4472 ιρμόνιοι.
