2888 5084
611 267 683 341 159

62 446 133 518 ὑπὸ
164 442 328 536 Πηγάσου
356 449 508 536 τελευτᾷ,
541 446 812 539 Βελλεροφόντης
840 447 873 518 δ’
904 447 1063 534 ἀνιαθεὶς
1090 449 1150 524 ἐπὶ
1177 459 1225 544 τῷ

62 565 188 656 ἑταίρῳ
210 561 315 634 πόλιν
336 561 445 634 ἔκτισε
467 560 650 654 Βαργάλια.
688 569 744 636 καί
765 563 786 658 ἡ
810 566 973 644 θάλασσα
993 571 1225 660 Βαργυλιακός

60 682 193 765 κόλπος
214 684 253 765 ἐξ
274 680 387 754 αίντοιῖ.
425 680 444 752 ὁ
467 681 608 773 πολίτης
628 683 870 777 Βαργυλιάτης.

148 800 330 892 Βαρήνη,
353 799 457 884 πόλις
472 801 612 890 Μηδίας
633 801 728 894 ἐγγὺς
744 800 966 894 Ἀγβατάνων.
1000 805 1034 874 οῖ
1055 805 1225 899 οἰκήτορες

61 921 224 1013 Βσρηνοί.
1235 949 1248 989 ο

149 1036 377 1130 Βαρήτιον,
404 1039 525 1128 χωρίον
546 1042 632 1131 πρός
653 1048 701 1132 τῷ
715 1039 848 1134 Ἁδρίᾳ,
875 1039 1082 1128 Θεόπομπος
1104 1071 1224 1135 πεντη.

62 1165 175 1250 κοστρῖ
194 1160 348 1251 δευτέρῳ.
392 1162 432 1228 τὸ
456 1161 592 1228 ἐθνικόν
614 1167 797 1250 Βαρητῖνος
820 1158 866 1242 ὡς
888 1169 1111 1252 Βρεντεσίους.

149 1274 296 1371 Βάρις,
326 1276 440 1360 πόλις.
484 1277 524 1346 τό
552 1273 689 1347 ἓθνικόν
711 1278 866 1372 Βαρίτης.
910 1282 1044 1371 λέγεται
1070 1280 1170 1374 βάρις
1200 1280 1221 1374 ἦ

63 1396 157 1467 οίκία
179 1393 226 1479 αῖς
246 1397 497 1478 Ποσείδιππος,
520 1397 578 1466 καί
598 1392 619 1486 ἡ
643 1397 796 1470 συνοικία
818 1396 865 1482 ὡς
878 1394 1036 1491 Ἔφορος.

149 1513 391 1604 Βαρκάνιοι,
413 1513 515 1597 ἔθνος
533 1522 604 1596 τοῖς
621 1511 795 1608 Ὑρκανοῖς
817 1513 951 1605 ὅμορον.
1233 1553 1261 1592 10

150 1631 304 1724 Βάρκη,
327 1633 431 1716 πόλις
450 1632 595 1725 Λιβύης,
618 1633 640 1724 ἥ
661 1661 713 1716 τις
733 1635 792 1703 καί
812 1636 1015 1720 Πτολεμαίς.
1059 1631 1099 1726 ἦν
1127 1634 1161 1706 δ’
1177 1635 1222 1714 ,ἐκ

64 1753 255 1824 πλινθίνων
281 1750 556 1840 ολκοόομημάταιν
583 1759 798 1832 συντεθεῖσα,
828 1750 948 1839 κτίσμα
969 1755 1128 1842 Περσέως
1151 1765 1222 1824 Ζα-

63 1869 193 1942 κύνθου
210 1869 505 1960 Ἀριστομέόοντος
525 1870 656 1943 Λύκου.
701 1872 834 1959 λέγεται
855 1872 914 1940 καὶ
933 1869 1101 1961 Βάρκαια,
1124 1871 1162 1956 ἐξ
1183 1866 1223 1944 οὗ

62 1994 101 2064 τό
126 1987 350 2082 Βαρκαιάτης.
378 1995 439 2060 τοῦ
467 1991 505 2060 δὲ
533 1987 647 2081 Βάρκη
669 1996 847 2080 Βαρκαῖσς.
890 1991 947 2060 καί
968 1999 1137 2083 Βαρκαῖον
1163 1994 1222 2064 τόν

65 2110 180 2199 Λίβυν
209 2109 306 2202 φασί.
351 2117 520 2201 Βαρκαῖον
552 2103 664 2191 αἶπος.
707 2107 745 2179 οῖ
773 2109 834 2191 τοῖς
868 2107 1100 2203 ἱπποτροφίας
1127 2113 1221 2205 παρά
1234 2142 1259 2182 ω

63 2235 293 2313 Ποσειδῶνος,
317 2225 459 2319 ἡνιοχεῖν
481 2229 635 2319 δὲπαρά
659 2225 805 2317 Ἀθηνᾶς
827 2226 970 2313 ἔμαθον.

149 2345 387 2440 Βαράγαζα,
409 2345 574 2436 ἐμπόριον
590 2347 782 2438 Γεδρωσίας
802 2352 868 2418 τῶν
884 2347 1020 2440 σφόδρα
1035 2336 1220 2441 ἐπισήμων.

65 2470 96 2542 οῖ
118 2469 287 2551 οἰκοῦντες
308 2468 366 2536 καὶ
388 2463 407 2536 ὁ
429 2464 557 2549 κόλπος
578 2467 817 2557 Βαρυγαζηνοί.

147 2585 399 2676 Βασανίσαι,
428 2583 530 2667 ἔθνος
555 2582 700 2677 Θρᾴκιον
727 2582 798 2656 άπὸ
825 2589 884 2674 τῆς
911 2584 930 2656 ὃ
953 2584 1145 2677 Βασανίσης
1165 2584 1220 2657 εό-

63 2708 177 2790 θιίας.
222 2705 296 2774 τινά
318 2706 357 2775 δι’
377 2709 444 2773 ταῖν
463 2702 606 2790 βιβλίων
627 2702 774 2774 Βανίσαι
794 2701 907 2788 ἔχουσι
927 2701 1166 2795 τρισυλλάβως.
1232 2731 1260 2770 νο

60 3141 89 3194 2.
111 3127 275 3210 Βαργόλια
294 3134 330 3202 Β,
350 3129 529 3212 Βαργυλίαν
548 3135 622 3192 libri.
710 3129 925 3212 Βαργυλιακὸς
943 3131 1008 3202 ΒΗ,
1028 3129 1221 3210 Βαργυλικὸς

61 3227 137 3286 libri.
255 3229 283 3284 3.
304 3217 418 3293 κόλπος
442 3223 474 3295 3¹5
498 3219 604 3284 αὐτοῦ.
634 3221 798 3301 ὃπολίτης
817 3227 857 3295 R,
882 3221 1004 3294 κόλπος.
1034 3223 1065 3295 ἐξ
1086 3217 1220 3283 αότοιῖό

60 3315 189 3394 πολίτης
209 3319 271 3376 AV.
387 3314 438 3376 καί
457 3315 673 3396 Βαργυλιήτης
693 3330 759 3398 post
779 3311 995 3395 Βαργυλιάτης
1014 3317 1082 3375 add.
1104 3318 1141 3374 H.

60 3419 89 3473 5.
110 3406 294 3488 Βαρηνηνσί
315 3409 484 3468 Salmasius.
599 3416 628 3471 7.
642 3405 846 3489 Ἀριντεσῖνος
871 3431 924 3490 pro
944 3409 1145 3488 Βριντεσῖνος
1163 3412 1199 3469 R.

61 3511 90 3565 8.
111 3505 169 3581 τῆς
188 3497 372 3579 ἀνατολικῆς
390 3499 540 3572 Πισιιλίας
566 3514 634 3582 post
657 3498 745 3572 πόλις
769 3504 839 3562 add.
860 3504 918 3560 alia
942 3523 1042 3562 manus
1068 3505 1096 3560 in
1116 3503 1150 3561 P.
1180 3504 1220 3561 cs.

60 3597 185 3656 Ptolem.
206 3601 240 3664 5,
260 3600 293 3665 5,
313 3599 341 3655 5.
459 3603 486 3655 9.
513 3592 712 3665 Ποσίιλιππος
736 3597 810 3655 libn'.
928 3601 974 3654 12.
999 3593 1159 3671 πληνθίων
1183 3598 1219 3656 R.

63 3696 109 3750 13.
116 3682 264 3767 Βάρκαια
274 3689 338 3758 RV,
351 3686 497 3764 Βαρκαῖοι
507 3689 541 3746 Α.
556 3677 594 3746 σ’ί.
605 3689 812 3764 Theognosius
822 3693 927 3767 Ρ.103,
938 3692 966 3746 1.
1028 3689 1128 3748 1415.
1137 3682 1220 3767 Βάρ·

61 3802 152 3842 καιον
170 3781 324 3858 utrobique
344 3782 418 3840 iibri.
497 3783 545 3840 15.
560 3771 651 3850 αίπσς
669 3781 712 3850 Μ,
732 3775 825 3849 ἔθνος
844 3781 880 3849 X,
900 3771 973 3855 ὄχον
993 3782 1030 3850 Η,
1050 3773 1122 3848 ἕπος
1141 3782 1219 3853 libri3

61 3887 128 3935 cunt
152 3883 260 3953 poetae
286 3877 382 3934 verba.
413 3874 452 3934 cs.
473 3873 555 3931 Anal.
577 3875 659 3933 Alex.
683 3894 713 3952 p.
733 3877 800 3934 289.
831 3875 925 3952 possis
951 3875 1037 3932 ctiam
1064 3870 1221 3950 Βαρκαῖος

58 3967 164 4038 ῖππος.
282 3961 316 4024 οῖ
331 3963 387 4036 τοῖς
407 3961 635 4045 ἱπποτροφίας]
654 3967 728 4024 Sunt
754 3965 875 4025 laciniae
902 3967 958 4023 ioci
984 3985 1019 4025 ex
1043 3968 1220 4042 nescioquo

61 4063 203 4140 scriptore
224 4061 321 4138 petiti,
342 4059 467 4118 sortasse
487 4059 617 4117 Mnacca.
640 4059 677 4115 cf.
701 4059 862 4135 Hesychius
883 4077 909 4116 v.
931 4053 1103 4135 Βαρκαίοις
1122 4048 1219 4131 ὄχοις·

60 4151 141 4234 quoi
163 4149 198 4210 όί
217 4147 333 4220 αὐτοὺς
353 4149 404 4210 καί
425 4145 567 4227 πραίτους
588 4140 674 4228 άρμα
688 4148 788 4224 ζεῦξαι
809 4147 1016 4228 διδαχθέντας
1034 4144 1095 4208 ὑπὸ
1109 4146 1220 4206 Ποσει-

60 4245 176 4315 ιῖιιῖνσς,
197 4241 233 4304 τὸ
254 4241 289 4302 δὲ
308 4237 440 4322 ἡνιοχεῖν
458 4237 518 4302 ὑπὸ
534 4236 683 4320 Ἀθηνᾶς,
704 4239 746 4313 ὡς
764 4241 919 4314 Μνασέας
938 4243 970 4305 ἰν
988 4247 1053 4312 τοῖς
1071 4237 1140 4318 περί
1157 4238 1219 4299 Λι-

58 4333 149 4414 βιῖης.
171 4338 308 4396 indicavit
328 4338 364 4396 B.
469 4343 516 4398 19.
537 4333 731 4413 Βαοανίσης]
753 4335 892 4414 Βανίοης
913 4335 955 4396 Π.
1059 4340 1107 4392 20.
1128 4329 1218 4389 Βανί-

59 4431 128 4504 σιιι]
154 4427 331 4488 Βιιοιινίοαι
352 4427 454 4498 ssRV,
476 4422 618 4488 Βασόναι
640 4430 809 4490 Βελιιιαιίιιι.
