2902 5070
750 303 827 379 260

217 523 219 526 ·
292 484 586 582 Ἐβροίν,πόλις
615 486 650 558 ἐν
671 484 851 581 Χαναναία
871 487 931 578 τῆς
949 479 1127 569 Ἰουδαίας.
1159 483 1209 555 ’τὸ
1231 479 1370 555 ίθνικόν

205 606 420 705 Ἔβρωνηνός.
827 607 830 612 ’
1151 615 1153 618 ’

286 727 477 820 ’Ἑγγαδα,
500 724 592 816 κώμη
613 723 741 817 μεγόλη
764 723 908 817 πλησίον
928 723 1092 811 Σοδόμων
1113 721 1286 815 Ἀραβίας.
1329 726 1368 796 τό

210 852 347 924 ἐθνικὸν
359 842 558 938 Ἐγγαδηνός
580 842 626 928 ὡς
643 845 826 937 Ζοαρηνός,
849 848 906 916 καὶ
927 848 1084 935 θηλυκῶς
1101 844 1158 914 καί
1174 841 1367 936 οὐδετέρως.

184 991 197 1030 ⁵
293 969 543 1058 Ἐγγελᾶνες,
573 963 674 1048 ἔθνος
700 963 875 1055 Ἰλλυρίας,
905 964 937 1036 οί
960 962 1058 1036 αὐτοὶ
1077 971 1149 1047 τοῖς
1171 963 1368 1056 Ἐγχελίαις,

211 1088 257 1173 ὡς
278 1089 442 1174 Μνασέας
464 1085 499 1156 ἐν
521 1083 548 1175 γ’
572 1091 644 1176 τῶν
659 1083 897 1178 περιηγήσεων.

284 1205 466 1298 Ἔγγυον,
505 1201 607 1286 πόλις
638 1203 806 1286 Σικελίας.
858 1205 897 1276 τό
934 1205 1072 1276 ίθνικὸν
1101 1192 1284 1298 Ἐγγυῗνος,
1323 1201 1369 1289 ὥς

203 1327 358 1421 Ῥηγῖνος.

287 1444 472 1537 ’Ἐγεστα,
495 1442 597 1528 πόλις
613 1443 777 1527 Σικελίας,
802 1443 889 1515 ἔνθα
906 1447 1019 1536 θερμὰ
1038 1439 1154 1528 ὕδατα,
1176 1441 1223 1528 ὡς
1243 1444 1367 1516 Φίλιον.

171 1595 196 1637 σι
210 1566 281 1639 ἀπὸ
295 1565 449 1657 Ἐγέστου
464 1571 525 1636 τοῦ
545 1563 670 1657 Τρωός.
703 1567 742 1635 τὸ
759 1565 898 1635 ἐθνικόν
909 1562 1106 1656 Ἐγεσταῖος,
1127 1568 1184 1635 καὶ
1199 1568 1366 1656 θηλυκῶς.

285 1682 422 1776 Ἔγρα,
452 1683 555 1766 πόλις
580 1681 741 1773 Ἀραβίας
768 1686 855 1777 πρὸς
882 1691 930 1778 τῷ
954 1683 1125 1777 Ἀιλανίτῃ
1156 1684 1282 1777 κόλπῳ.
1327 1686 1366 1754 τό

209 1806 346 1878 ἓθνικόν
365 1803 519 1896 Ἐγρηνός
546 1801 592 1886 τός
614 1803 812 1896 Βοστρηνός.

289 1923 504 2014 Ἐγχελεῖς,
533 1923 635 2005 ἔθνος
658 1919 833 2012 Ἰλλόριον,
861 1921 883 2016 ἢ
905 1923 976 1995 όπό
998 1930 1059 1996 τοῦ
1077 1921 1230 2014 Ἐγχελῆς
1251 1917 1272 2014 ἢ
1294 1920 1365 1994 όπό

72 2131 73 2134 ¹
208 2049 269 2113 τοῦ
295 2042 475 2133 Ἕγχελεύς.
519 2046 650 2134 λέγεται
682 2047 740 2115 καί
764 2043 934 2136 Ἕγχελίαι
962 2041 1033 2115 ἀπὸ
1062 2050 1123 2113 τοῦ
1149 2040 1366 2136 Ἕγχελέηςῆ

170 2190 196 2231 ιε
205 2160 387 2254 Ἐγχελέας.
411 2165 543 2254 λέγεται
556 2165 612 2233 καί
623 2160 768 2255 Ἐγχελίς
782 2169 949 2257 θηλυκῶς.
972 2163 1005 2236 ολ
1017 2163 1183 2249 οἰκοῦντες
1194 2161 1365 2255 Ἐγχελεῖς.

286 2277 476 2367 ’Ἐόόανα,
503 2281 606 2365 πόλις
627 2285 714 2376 πρός
734 2291 782 2376 τῷ
802 2283 981 2377 Εὐφράτῃ,
1009 2282 1163 2355 κατοικία
1189 2282 1364 2367 Φοινίκων,

208 2401 278 2473 ἀπὸ
298 2399 460 2472 Ἐόόανοῦ
485 2399 659 2493 ἡγεμόνος.
701 2405 742 2474 τό
765 2402 903 2474 ἐθνικόν
920 2401 1109 2486 Ἐδδανεός

288 2519 544 2611 Ἐόεβησσός,
568 2520 670 2606 πόλις
691 2521 839 2608 Λυκίας,
864 2522 910 2606 ὦς
932 2521 1098 2594 Καπίτων
1119 2523 1154 2592 ἐν
1171 2519 1393 2614 Ἰσαυρικῶν

207 2640 250 2712 α’.
281 2641 321 2712 τὸ
344 2641 481 2711 ἐθνικὸν
498 2640 716 2735 Ἐδεβησσεός
736 2647 794 2715 καί
811 2642 1039 2736 Ἐδεβήσσιος.

168 2791 195 2832 νο
281 2757 470 2844 Ἔδεσσα,
504 2761 608 2845 πόλις
634 2763 767 2854 Συρίας.
813 2766 871 2834 διὰ
906 2765 967 2856 την
1000 2771 1067 2834 τῶν
1097 2760 1230 2835 ὖόοίτων
1261 2765 1365 2855 ῥύμην

206 2879 293 2950 οὕτω
321 2884 495 2970 κληθεῖσα.
539 2878 610 2952 όπό
636 2890 695 2974 τῆς
717 2885 752 2954 ἐν
772 2884 983 2979 Μακεδονίᾳ.
1026 2885 1077 2966 [τό
1094 2883 1254 2974 ,ἔθνικόνΙ
1279 2884 1364 2954 κατὰ

204 3115 406 3130 m

205 3286 232 3340 1.
251 3273 371 3358 Ἐβριόν
390 3277 477 3347 RSV,
505 3272 627 3357 Ἐβριοή
648 3282 682 3340 A.
799 3286 828 3342 2.
846 3274 1033 3360 Ἐβριονισός
1053 3285 1089 3354 V,
1113 3276 1278 3362 Ἕβριίνιος
1298 3285 1363 3356 AR;

203 3394 277 3434 corr.
298 3375 333 3432 B.
412 3377 439 3431 3.
454 3363 593 3449 Ἔγγαδα
613 3373 671 3442 RS,
688 3365 823 3451 Ἔγγοίδα
843 3377 876 3445 A,
897 3396 953 3436 om.
976 3397 1037 3437 acc.
1058 3377 1096 3437 V.
1184 3377 1213 3436 4.
1234 3376 1362 3456 Ζιοαρη-

203 3462 255 3535 νός
275 3476 341 3524 ante
361 3467 398 3522 H.
502 3468 530 3524 5.
548 3458 721 3544 Ἐγγελᾶνες
741 3467 841 3527 forsan
862 3489 897 3528 ex
914 3463 1089 3549 Ἐγχελᾶνες
1109 3480 1284 3550 corruptum,
1306 3489 1363 3549 qua

202 3558 296 3616 forma
317 3547 385 3614 usos
406 3567 450 3614 est
470 3557 571 3634 Polyb.
586 3563 614 3628 5,
635 3565 700 3630 108,
720 3565 747 3621 8.
826 3567 854 3622 6.
875 3563 931 3640 τῆς
950 3555 1176 3641 περιηγησεοιςί
1253 3569 1281 3624 7.
1299 3557 1361 3642 Ἐγ·

201 3644 287 3728 γόιον
307 3649 381 3708 libri.
403 3650 441 3708 cf.
463 3671 486 3708 ε.
502 3670 527 3707 v.
542 3639 680 3728 Ἕξγυον.
758 3660 804 3713 10.
825 3651 982 3734 Αίγέστου
1003 3657 1040 3716 V.
1117 3654 1307 3735 Αίγεσταΐος
1325 3658 1362 3715 R.

203 3748 249 3802 11.
268 3734 362 3819 Ἐγρό
382 3743 413 3802 S.
505 3749 552 3803 13.
569 3737 711 3822 Ἐγγελής
731 3747 794 3816 RV,
820 3741 962 3827 Ἐγχελῆς
981 3751 1015 3808 A.
1114 3753 1162 3808 18.
1183 3740 1202 3826 ἢ
1224 3743 1285 3810 ἀπὸ
1306 3749 1363 3809 τοῦ

199 3827 340 3912 Ἐγχελής
351 3854 407 3892 om.
420 3835 456 3893 V.
526 3837 573 3894 14.
583 3829 737 3915 Ἕγχελεός
748 3840 783 3909 R,
801 3833 956 3917 Ἐγχίλευς
967 3844 1001 3900 A.
1061 3841 1117 3899 τοῦ
1131 3852 1197 3901 ante
1209 3836 1364 3920 Ἔγγελέης

202 3927 301 3985 om.R.
381 3929 428 3984 15.
440 3919 580 4003 θηλυκόν
590 3932 626 3989 R.
706 3937 808 3992 17-10.
818 3926 1160 4003 Ἕδιλανεός-ἓθνικὸν
1171 3935 1239 3994 add.
1251 3935 1361 4014 PpRV.

200 4023 247 4079 17.
265 4010 430 4084 Ἔδδοινεός
449 4019 512 4087 RV,
535 4013 721 4098 Ἐιλιλανηνός
740 4025 795 4104 Pp.
823 4021 1362 4105 1οιιοειεἝοοαιεύςκαλἘδιλανη·

200 4105 251 4180 νός
264 4131 326 4169 com
337 4111 372 4178 B,
387 4109 507 4167 alterum
522 4131 637 4186 graeco,
652 4117 771 4176 alterum
783 4118 980 4195 indigenarum
994 4131 1074 4200 typo.
1090 4121 1129 4180 ef.
1144 4142 1168 4178 ε.
1180 4139 1206 4179 τ.
1214 4112 1360 4180 Ἔδεσσα.

200 4208 247 4263 18.
270 4197 459 4276 Ἐιλίβησσον
484 4203 515 4260 S.
624 4205 625 4208 ’
653 4215 700 4270 19.
725 4204 914 4286 Ἕδεβησσός
938 4233 993 4291 pro
1015 4208 1221 4292 Ἐιλεβησσεός
1246 4215 1282 4275 R.

196 4301 245 4354 20.
261 4301 309 4354 21.
329 4287 440 4373 ῥύμην.
465 4283 548 4351 οὕτω
569 4297 605 4357 R.
741 4307 790 4361 21.
810 4301 997 4390 Μακεδονίᾳ
1022 4308 1072 4379 Η,
1094 4301 1259 4366 Μακεδόνι
1286 4309 1361 4368 libri.

196 4381 372 4462 ἀπο[ικιά]λ
468 4380 504 4445 τό
525 4382 650 4452 ἔθνικόν
670 4394 739 4453 add.
760 4395 797 4455 Β.
