2880 5064
740 274 815 346 404

207 453 389 536 Διονύσιος
411 453 691 543 ἐννεακαιδεκάτῳ
708 452 889 552 Ῥωμαλλρῆς
911 451 1155 540 ἀρχαιολογίας.
1199 451 1239 518 τό
1262 450 1358 520 ἐθνι-

207 576 264 646 κὸν
286 573 570 663 Κωσταντειότης.
613 573 747 663 εὕρηται
769 576 825 640 καὶ
846 574 904 640 διὰ
926 577 986 640 τοῦ
1007 581 1035 638 ν.

292 691 723 774 Κωσταντινοόπολις,
748 691 809 761 δόο
830 693 913 782 μέρη
934 688 1046 780 λόγου,
1069 693 1125 761 καὶ
1146 691 1184 772 ἐξ
1200 685 1309 758 αὐτῶν
1323 685 1360 757 ἓν
1429 721 1431 725 ·

209 812 571 902 Κιοοταντινοπολίτης,
594 809 640 893 ὥς
662 809 791 901 εἴρηται
813 811 847 878 ἐν
869 815 916 899 τῷ
937 813 1014 899 περὶ
1036 809 1231 894 Βυζαντίου.
1332 871 1334 876 .

183 958 208 996 ε,
249 995 251 999 ,
294 936 376 1013 Λᾶ,
398 930 499 1012 πόλις
514 928 709 1020 Λακωνική.
744 926 936 1020 Λυκόφρων
960 931 1042 1020 ακοιὶ
1062 935 1142 998 Λᾶν
1164 925 1358 1019 περήσεις”.

208 1050 329 1140 ταύτην
352 1050 482 1132 ἑλόντες
504 1048 538 1118 οἱ
559 1047 762 1138 Διόσκουροι
779 1049 970 1136 -Λαπὲρσαι
992 1047 1191 1138 ἐκλήθησαν.
1229 1050 1362 1138 λέγεται

208 1174 265 1241 καλ
286 1168 475 1260 ἀρσενικῶς.
510 1168 632 1258 ταότην
654 1166 817 1252 διαλύσας
831 1163 976 1257 Ὅμηρός
990 1193 1100 1258 -φησιν
1123 1168 1184 1261 αοῗ
1202 1194 1238 1236 τε
1255 1165 1362 1237 Adur

208 1287 306 1377 εἶχον,
329 1287 381 1380 ἧδ’
402 1287 545 1360 Οἴτυλον
560 1284 828 1378 ἅμφενέμοντο”.
861 1295 969 1356 κεῖται
990 1289 1028 1357 δὲ
1051 1286 1109 1356 ἐπὶ
1129 1289 1254 1377 πέτρας
1271 1285 1359 1381 ὕψη-

209 1413 279 1500 λῆς,
301 1410 358 1478 διὸ
378 1414 441 1478 Λᾶ
463 1411 623 1476 καλεῖται.
668 1406 701 1477 ολ
723 1405 887 1488 οἰκοῦντες
908 1412 1016 1476 Λᾶοι.

170 1555 196 1594 ιο
227 1565 229 1570 ·
293 1526 453 1615 Addat,
478 1525 619 1616 [πόλις]
639 1523 685 1608 ὡς
699 1524 820 1612 Baistor,
838 1525 1028 1614 Χαττηνόας
1044 1525 1155 1608 πόλις.
1189 1523 1360 1613 Πολύβιος

207 1644 479 1738 τρισκαιδεκάτῳ.
518 1647 557 1715 τό
579 1644 725 1715 torrear·
740 1651 899 1730 Λαβαῖος
921 1640 968 1726 ὡς
983 1653 1142 1731 Σαβαῖος.
1178 1652 1237 1737 τῆς
1260 1643 1361 1735 αὐτῆς

206 1764 320 1857 χώρας
338 1763 536 1858 ἀμφότεραι.
572 1762 592 1856 ἡ
616 1766 678 1856 γὰρ
700 1763 870 1855 Χαττηνόα
891 1770 957 1832 τῶν
979 1763 1147 1852 Γερραίων
1168 1763 1239 1836 ἐστὶ
1256 1764 1360 1856 χώρα.

294 1883 489 1974 Λόβαρα,
513 1879 615 1964 πόλις
631 1884 772 1974 Καρίας.
801 1881 1020 1974 Ἀλέξανδρος
1036 1886 1178 1973 δευτέρῳ
1195 1888 1272 1976 περὶ
1288 1893 1360 1972 Ku-

209 2005 294 2097 ρίας.
338 2004 377 2074 τὸ
401 2004 537 2074 &aarum
559 1983 744 2094 Λαβαριός
766 2001 812 2086 ὡς
832 2002 1019 2092 Παταρεός.

211 2210 362 2292 Κρεττιάς
381 2215 417 2283 R,
441 2211 626 2287 Βρεττανίας
640 2219 673 2271 A.
696 2215 875 2284 Constantia,
897 2227 1032 2292 quantum
1054 2219 1151 2284 sciam,
1171 2218 1199 2273 in
1213 2217 1362 2276 Britannia

209 2308 263 2364 luit
283 2308 371 2375 nulla,
391 2317 419 2364 et
439 2308 463 2364 si
483 2308 545 2376 suit,
566 2308 603 2364 ad
619 2308 781 2367 Christiana
798 2311 915 2366 serioris
936 2311 998 2367 aevi
1019 2321 1148 2388 tempora
1168 2321 1289 2388 spectat,
1309 2332 1360 2370 nec

210 2402 423 2458 commemorari
444 2403 536 2478 potuit
557 2421 574 2458 a
594 2401 743 2478 Dionysio.
773 2404 870 2477 itaque
896 2403 968 2461 haec
988 2403 1025 2459 ad
1048 2403 1247 2471 Consentiam,
1273 2405 1361 2462 Brut-

208 2496 278 2554 tiani
299 2496 360 2572 agri
381 2497 477 2553 urbem
499 2497 682 2562 notissimam,
703 2506 843 2572 spectare,
864 2496 1043 2573 Stephanum
1064 2507 1158 2554 autem
1175 2507 1241 2575 poet
1254 2499 1359 2556 sectio·

210 2607 274 2646 nem
296 2588 332 2646 de
353 2587 447 2644 insula
468 2588 512 2645 Co
536 2587 608 2646 haec
633 2587 761 2644 intulisse
787 2591 932 2667 suspicor:
959 2584 1168 2657 Κοισεντλα,
1195 2584 1282 2658 πόλις
1306 2592 1361 2668 τῆς

208 2677 374 2759 Βρεττίας,
402 2672 444 2747 ὡς
468 2673 635 2749 Διονύσιος
661 2674 917 2762 ἐννεακαιδεκάτῳ»
939 2675 1111 2756 Ῥωμαϊκῆς
1135 2675 1360 2762 ἀρχαιολογίας.

209 2774 282 2832 lracc
302 2774 388 2849 igitur
406 2775 601 2850 epitomatoris
616 2775 766 2831 oscitantia
780 2794 843 2832 curn
857 2784 994 2850 sequente
1009 2774 1046 2832 de
1061 2774 1210 2833 Costantia
1227 2787 1359 2836 tmemate

210 2867 387 2926 commiscuit
412 2875 441 2923 et
466 2885 519 2924 suo
544 2886 622 2924 more
649 2885 713 2923 cum
736 2868 854 2943 reliquis
880 2867 1092 2943 conglutinavit.
1117 2865 1279 2927 Kcromla
1306 2890 1359 2948 pro

208 2952 388 3016 Κωνσεντλα
408 2957 543 3016 Straboni
557 2963 574 3016 b
590 2980 620 3037 p.
631 2960 688 3017 407
708 2978 724 3017 e
745 2960 831 3018 codd.
852 2960 977 3019 reddidit
990 2960 1156 3018 Kramerus.
1233 2967 1261 3020 2.
1272 2961 1360 3021 Κων-

210 3043 395 3126 στυντιάτης
414 3051 488 3108 libri.
573 3047 624 3108 διὰ
644 3051 700 3110 τοῦ
719 3049 737 3108 ν
755 3053 791 3121 R,
812 3049 864 3110 διδ
884 3051 939 3111 τοῦ
954 3052 971 3129 ιῖ
989 3053 1050 3110 AV.
1148 3058 1175 3112 3.
1195 3051 1361 3112 Κωνσταν-

208 3132 380 3210 τινοόπολις
400 3145 435 3212 R,
459 3140 681 3202 Κιυσταντλνου
701 3139 789 3214 πόλις
807 3147 844 3214 X,
870 3143 1091 3204 Κωνστατλνοα
1115 3139 1201 3215 πόλις
1220 3147 1283 3206 AV.

209 3228 265 3294 δόο
285 3231 363 3315 μέρη
383 3228 487 3314 λόγου]
517 3236 564 3294 Cl.
585 3257 609 3295 s.
632 3257 657 3296 v.
671 3230 850 3317 Ἀμῳόξιον.
947 3236 1011 3312 καλ]
1033 3232 1074 3307 ὡς
1093 3241 1129 3297 R.
1226 3241 1254 3298 4.
1275 3240 1360 3299 Κανν-

210 3325 498 3404 σταντινουπολίτης
512 3329 585 3396 libri,
606 3342 705 3388 contra
717 3341 903 3410 praeceptum
916 3333 1008 3389 nostri
1021 3343 1083 3390 siv.
1096 3326 1274 3404 Βυζάντιον.
1295 3344 1361 3412 post

208 3424 263 3480 lroc
282 3433 386 3480 tmema
406 3423 490 3499 plura
510 3423 640 3481 videntur
660 3425 848 3483 intercidisse.
958 3429 985 3483 5.
1006 3418 1065 3482 Λιλ
1084 3427 1157 3484 libri.
1254 3419 1359 3482 Λυκό-

209 3513 310 3593 φρων]
332 3519 440 3572 raes.
538 3518 753 3576 aliosalios
780 3519 818 3576 ad
843 3521 927 3576 Hom.
948 3539 977 3596 p.
999 3523 1065 3587 295,
1086 3520 1137 3577 sl:
1162 3518 1308 3595 θηλυκῶς
1327 3539 1358 3577 τε

207 3602 259 3664 καὶ
280 3599 447 3676 ἀρσενικῶς
465 3600 560 3685 ἤγουν
579 3607 629 3668 καὶ
649 3605 666 3687 ἡ
688 3610 748 3668 Λᾶ
767 3608 818 3668 καὶ
839 3605 855 3670 d
875 3609 960 3680 Λᾶς.
1055 3603 1206 3680 διαλόσας
1226 3632 1281 3669 om.
1303 3614 1338 3670 V.

201 3689 351 3773 Ὅμηρος]
373 3698 404 3755 ll.
425 3703 453 3768 2,
473 3705 539 3762 585.
617 3699 700 3761 o‘r'dd
718 3703 818 3763 Λᾶαν
837 3707 872 3763 R.
960 3710 987 3764 8.
1009 3700 1038 3762 oi
1058 3697 1182 3762 d'libri.
1266 3700 1359 3764 Εἴτει-

208 3793 261 3852 λον
281 3791 318 3849 V.
435 3785 646 3872 ἀμφενέμοντο
667 3797 734 3854 αδδ.
756 3797 791 3854 R.
909 3803 1003 3856 κεῖται
1024 3795 1058 3856 δὲ
1078 3819 1134 3856 om.
1155 3799 1192 3866 V,
1218 3794 1252 3856 δὲ
1271 3801 1358 3858 etiam

207 3887 243 3945 R.
321 3890 349 3942 9.
362 3881 514 3955 οἰκοῦντες
528 3889 563 3956 R,
583 3890 795 3957 κατοικοῦντες
808 3891 869 3949 AV.
946 3889 1039 3950 Auot'
1056 3892 1134 3962 libri3
1154 3893 1259 3950 rectius
1280 3893 1358 3950 baud

208 3977 293 4056 dubie
301 3973 400 4044 Λᾶοι,
416 3981 543 4052 quamvis
558 3980 667 4037 dubitet
679 3981 809 4040 Eustatlr.
822 3985 858 4041 ad
871 3987 955 4042 Hom.
966 4006 994 4063 p.
1006 3989 1072 4056 295,
1085 3990 1131 4044 39.
1212 3991 1257 4044 10.
1268 3980 1357 4054 πόλις

207 4072 324 4130 seclusit
344 4071 384 4128 Μ.
483 4063 586 4150 Σόβαι
606 4073 642 4140 Χ,
663 4067 772 4148 Σάβας
792 4078 851 4145 AV,
872 4071 995 4150 Σόβασι
1016 4079 1052 4137 R.
1159 4063 1354 4155 Χαττηνιάς]

207 4160 317 4232 ...νιάς
335 4165 371 4230 R,
393 4158 526 4235 ..τηνιάς
547 4165 583 4222 V.
662 4173 708 4225 11.
722 4159 764 4235 ὡς
784 4173 880 4237 ..αἴος
898 4170 934 4237 R,
955 4163 997 4238 ὡς
1015 4170 1106 4244 ,inice
1126 4172 1162 4228 V.
1219 4245 1221 4250 Α
1242 4175 1288 4230 12.
1301 4165 1355 4246 δμ-

205 4250 331 4333 ῳότεραι
352 4255 511 4322 Bekkerus,
537 4248 707 4336 ἀμφότεροι
727 4263 762 4328 R,
783 4253 945 4338 ἀμφότερα
965 4263 1026 4321 AV.
1136 4260 1300 4341 Χαττηνλα
1320 4266 1355 4335 Χ,

203 4346 234 4404 Γ
232 4346 321 4432 αττιά
346 4349 420 4405 libri.
537 4343 698 4422 Χαττηνλα
719 4348 834 4426 [τρίτη]
861 4354 922 4411 τῶν
946 4355 971 4410 Β
993 4367 1112 4435 propter
1133 4366 1263 4416 nostrum
1283 4381 1305 4417 s.
1328 4378 1353 4416 v.

202 4434 373 4514 Χαττηνία.
