2888 5078
553 329 554 332 ,
625 261 699 335 609

84 441 124 511 δὲ
141 445 202 509 ’νῦν
217 437 416 531 Ἀρσινόη.
461 439 480 511 ὁ
503 441 644 532 πολίτης
671 441 880 533 Ταυχείριος,
904 447 961 513 καὶ
987 447 1170 537 Ταυχέριος
1190 449 1246 518 καί

88 557 256 650 Ταίχερος
270 561 326 630 καί
344 561 553 652 Ταυχερίτης.
588 561 645 629 καί
657 560 864 653 Ἀρσινοΐτης
878 561 952 636 ἆπδ
965 569 1025 656 τῆς
1038 561 1244 653 Αἰγυπτίας.

173 678 327 772 Τόφος,
348 678 450 763 πόλις
464 680 712 772 Κεφαλληνίας,
729 688 786 752 νῦν
801 686 840 753 δὲ
859 689 1114 775 Ταφιοῦσσσι.
1147 681 1244 778 αἔστι

83 800 142 868 καί
163 804 263 891 νῆσος
284 796 355 869 ἀπὸ
377 798 556 889 τριόκοντα
578 801 724 872 σταδίων
740 800 902 894 Ταφιός
923 800 1149 892 καλουμένη”.
1187 804 1245 873 καί

83 915 192 1007 ἑτέρα.
227 917 260 990 οί
275 921 416 989 πολῖται
432 911 573 1013 Τάφιοι.
605 926 666 1010 τῆς
683 923 722 992 δὲ
741 920 960 1014 Ταφιοόσσης
980 903 1270 1014 Ταφιουσσαῖος,ὀ

85 1033 131 1120 ὡς
151 1045 397 1120 Σκοτουσσαῖος
418 1045 710 1129 Πιδηκσυσσαῖος.

174 1154 427 1249 Ταφόσιρις,
464 1156 565 1241 πόλις
594 1157 791 1249 Αἰγύπτου,
827 1161 862 1229 ἐν
895 1151 919 1252 ᾗ
947 1157 1245 1251 λίγεταιίΌσιρις

85 1272 280 1367 τεθάφθαι.

144 1469 145 1472 ,
175 1394 356 1488 Τόφραι,
384 1399 441 1468 καί
472 1396 611 1490 Τόφρη
639 1396 770 1483 ἑνικῶς,
796 1397 890 1494 χῶρα
910 1408 1145 1494 ταφρευθείσα
1166 1403 1245 1493 περὶ

83 1515 143 1603 τήν
157 1521 319 1585 Μαιῶτιν
340 1516 457 1607 λίμνην
477 1515 547 1588 ὑπὸ
571 1517 702 1590 δοόλων
716 1525 791 1601 ταῖς
806 1518 1003 1602 δεσποίναις
1017 1521 1245 1609 συμμιγέντων
1257 1547 1284 1586 ιο

9 1705 19 1714 ,Δ
83 1635 169 1704 κατὰ
189 1636 249 1706 τόν
274 1634 497 1728 πολυχρόνιον
524 1635 675 1724 πόλεμον
701 1641 768 1708 τῶν
788 1643 946 1719 Σκυθῶν,
975 1644 1042 1708 τῶν
1069 1639 1245 1708 δεσποτῶν

84 1753 322 1843 πολεμούντων
348 1763 420 1841 τοῖς
449 1761 573 1850 Θρᾳξίν
601 1756 623 1849 ἢ
648 1765 719 1841 τοῖς
747 1759 842 1839 ίνιδς
862 1752 1007 1849 Ἴστρου,
1040 1754 1087 1838 ῶς
1114 1755 1246 1827 Καλλί-

84 1897 225 1965 στρατος
246 1876 281 1946 ἰν
301 1874 413 1968 τρίτῳ.
447 1877 569 1968 ταύτην
590 1874 775 1969 τὴνζχιόραν
791 1881 991 1966 κατοικῆσαι
1007 1875 1245 1966 Σατορχαίσυς.

85 1993 120 2064 ολ
145 1992 545 2086 οἰκοῦντεςΣατορχαῖοι.

87 2103 92 2108 ’
174 2112 393 2206 Ταχεμψῶ,
415 2120 516 2204 νῆσος
535 2113 737 2196 Αἰθιοπίας
759 2116 845 2205 πρός
865 2121 908 2208 τῇ
924 2111 1055 2207 Λιβύη.
1087 2117 1127 2186 τό
1149 2116 1244 2186 ἐθνι-
1257 2143 1283 2183 ιι

83 2233 144 2301 κδν
170 2233 384 2328 Ταχεμφίτης
406 2239 454 2324 τῷ
475 2233 571 2325 τύπῳ
592 2239 652 2325 τῆς
671 2231 790 2334 χώρας.

174 2349 342 2435 Τεανόν,
365 2350 467 2437 πόλις
485 2351 640 2436 Ἰταλίας,
662 2350 708 2438 ῶς
728 2352 972 2446 Ἀρτεμίδωρος
992 2353 1138 2444 τετόρτφ
1159 2381 1243 2442 γεω-

84 2472 337 2564 γραφουμένων.
376 2472 577 2546 τδίθνικόν
602 2471 740 2555 Τεανός.

175 2593 360 2681 Τίβερις,
389 2594 544 2678 ποταμός
567 2590 726 2674 Ἰταλίας,
756 2589 844 2660 ἔνθα
869 2587 890 2681 ἡ
914 2589 1024 2682 Ῥοίμη
1051 2594 1109 2661 καί
1134 2589 1244 2682 ἡτῶν

84 2709 247 2782 Λατίνων
268 2711 339 2780 ίστί
357 2709 460 2799 χώρα
479 2707 530 2806 Ιῶς
547 2709 819 2798 Ἀπολλόδωρος.
1256 2741 1283 2780 ιο

174 2829 320 2920 Τεγέα,
348 2826 452 2911 πόλις
474 2827 666 2921 Ἀρκαδίας.
705 2830 792 2925 «καί,
812 2829 934 2918 Τεγίην
955 2822 1044 2913 εἰχον
1065 2829 1123 2899 καί
1145 2836 1244 2900 Μαν-

83 2949 194 3039 τινέην
215 2945 409 3040 δρατεινὴν”
425 2947 583 3039 Ὅμηρος.
617 2951 675 3019 καί
688 2947 887 3030 Παυσανίας
905 2946 927 3040 ἠ
952 2951 1167 3044 αλλλαντινείις
1187 2950 1245 3021 καί

86 3228 267 3312 1.Ἀρσινόη
288 3236 323 3306 R,
342 3230 484 3316 Ἀρσινόν
503 3237 563 3307 l'V,
577 3229 732 3312 Ἀρσινιίν
751 3239 784 3294 Α.
862 3242 891 3294 2.
906 3228 1078 3311 Ταόχερσς]
1098 3238 1142 3292 An
1165 3235 1245 3294 Ταυ-

80 3323 193 3404 χερίαλ
212 3329 251 3387 cs.
272 3331 365 3390 ΛοεΙΙ.
386 3333 468 3391 Alex.
489 3351 519 3410 p.
541 3335 607 3391 291.
628 3331 682 3388 nisi
703 3337 832 3408 praestat
852 3328 951 3387 delere
971 3323 1021 3385 καί
1046 3319 1212 3405 Ταόχερος.

76 3414 270 3498 Ἀρσινοΐτης
289 3425 325 3492 R,
344 3417 541 3503 Ἀρσινόντης
560 3425 621 3483 AV.
738 3425 766 3480 3.
787 3416 987 3500 Κεφαληνίας
1005 3420 1070 3478 RV.
1183 3419 1244 3478 Τα·

84 3509 203 3593 φίουσοι
222 3515 259 3584 R,
283 3511 473 3594 Ταφίουσσα
492 3519 554 3575 AV.
652 3522 681 3574 3.
692 3518 721 3574 4.
737 3509 802 3573 ἔστι
822 3545 862 3558 -
881 3509 1067 3588 καλουμένη]
1088 3513 1171 3573 Haec
1190 3516 1243 3572 im·

83 3608 179 3686 perite
194 3625 230 3665 ex
244 3609 341 3665 neseio
356 3627 413 3684 quo
429 3610 578 3687 scriptore,
600 3611 680 3668 cuius
695 3611 781 3666 verba
794 3607 960 3686 Stephanus
974 3607 1085 3681 integra
1100 3608 1244 3678 attulerat,

83 3709 222 3776 excerpta
242 3709 357 3756 suntet
377 3700 414 3757 de
435 3701 536 3759 eadem
557 3703 650 3760 insula
671 3700 872 3776 intelligenda,
899 3717 983 3775 quam
1007 3698 1094 3756 modo
1114 3700 1243 3776 Cephal-

83 3793 180 3850 leniae
207 3791 349 3849 civitatem
374 3792 542 3871 appellavit.
651 3797 679 3852 5.
701 3788 730 3850 σί
749 3793 871 3851 πολῖται
892 3811 949 3849 om.
970 3793 1006 3849 R.
1108 3784 1244 3870 Ταφιοό·
1324 3781 1332 3796 '

85 3901 142 3958 σης
166 3883 382 3964 Ταφιουσαῖος
401 3887 436 3943 R.
543 3889 570 3942 6.
586 3891 795 3958 ,κοτσυσσαῖος
816 3886 852 3943 V.
949 3880 1189 3959 Πιδηκουσαῖος
1208 3883 1244 3955 R,

26 3973 346 4052 “Ihr‘rrxovooatoc
365 3978 427 4036 AV.
544 3981 573 4037 7.
599 3973 771 4055 Ταπόσιρις
797 3995 895 4056 snpra.
1005 3969 1113 4054 Ἶσιρις
1133 3979 1168 4035 R.

85 4077 114 4130 9.
138 4063 265 4151 Τόφρη]
291 4063 415 4151 Τάφροι
436 4072 500 4131 RV.
589 4077 634 4130 10.
655 4066 764 4146 λίμνην
784 4089 840 4127 om.
861 4069 898 4127 V.
987 4075 1034 4128 11.
1054 4069 1118 4126 τῶν
1137 4068 1244 4129 δεσπο-

61 4160 148 4220 ,τῶν
167 4181 222 4220 om.
243 4165 279 4222 R.
367 4168 414 4225 15.
437 4157 603 4242 Ταχομψῶ
624 4165 660 4221 Η.
754 4167 800 4221 16.
825 4157 1027 4237 Ταχεμφίτης
1048 4180 1065 4219 ει
1084 4181 1243 4240 paronymo

88 4246 273 4330 Τόχεμιμος,
305 4267 336 4315 ut
363 4255 483 4328 Βοῦτος
508 4279 526 4317 a
550 4250 671 4316 Βουτῶ.
697 4256 752 4313 nisi
778 4255 960 4313 rcn'bendum
989 4245 1226 4334 Ταχιμψοίτης.

85 4349 134 4406 18.
158 4343 328 4426 Τεανίτηςλ
348 4370 384 4408 an
409 4349 575 4421 Τεανΐνοςλ
653 4339 708 4411 191
719 4344 807 4416 πόλις
825 4347 868 4407 V.·
941 4351 1047 4406 21.22.
1067 4346 1244 4426 Μαντινίην

83 4439 160 4497 σου.
244 4444 291 4498 22.
306 4430 457 4518 Ὅμηρος]
478 4443 510 4502 ιι.
531 4448 559 4514 2,
579 4449 645 4504 σοι.
723 4434 757 4518 η’]
779 4461 804 4500 e.
825 4445 853 4511 a,
873 4443 902 4500 ι.

43 4617 46 4630 ¹
121 4549 207 4605 steph.
220 4549 319 4604 Βςιισι.
536 4579 539 4584 ,
1004 4539 1042 4594 39
