2902 5084
644 250 719 328 21³

187 437 219 500 Γ
222 425 400 521 ράμμιον
408 483 416 512 ,
440 429 544 514 πόλις
565 433 600 501 ἐν
624 431 749 523 Κρήτη.
785 431 818 500 οὶ
840 434 978 502 πολῖται
993 441 1185 524 Γραμμῖται
1207 440 1263 508 καί

99 548 320 638 Γραμμίοιοι.
350 546 415 618 εἶσὶ
431 552 469 620 δὲ
483 560 513 620 Γ
517 577 565 639 ρο
571 559 715 650 μμῖται
731 553 818 641 [καὶ]
836 552 922 642 πρός
934 556 975 643 τῇ
987 554 1136 644 Κελτικῇ
1149 553 1261 638 ἔθνος.

187 665 459 756 Γράοτιλλος,
483 667 679 760 ἀρσενικῶς,
701 667 803 751 πόλις
824 670 1058 752 Μακεδονίας,
1082 665 1101 740 ό
1122 675 1178 742 καί
1201 675 1259 742 διὰ

98 792 163 855 τοῦ
183 791 212 853 τῖ
233 785 401 878 γράφεται
423 787 508 855 κατὰ
529 789 589 878 τήν
610 784 745 877 πρώτην
767 791 936 880 συλλαβήν
957 788 1185 880 Πράστιλλος,
1215 790 1261 874 ὡς

96 899 265 986 Είίπολις.
1272 926 1285 965 ⁵
1365 909 1368 918 ¹

188 1030 400 1113 Γρησῖνος,
433 1024 536 1106 πόλις
565 1023 791 1115 Χερρονήσου,
835 1025 875 1094 τό
906 1027 1043 1098 ἐθνικόν
1073 1029 1258 1119 Γρησίνιος,

100 1139 150 1223 ὡς
166 1139 366 1233 Ἀνδροτίων
388 1143 470 1233 ἑντιμ
492 1141 663 1224 Ἀτθίδος.

189 1262 440 1352 Γρηστωνία,
468 1261 560 1351 χώρα
586 1260 716 1353 Θρᾴκης
743 1266 829 1354 πρὸς
855 1269 897 1356 τῇ
924 1265 1138 1358 Μακεδονίᾳ,
1172 1274 1259 1338 Θου-

98 1378 237 1469 κυδίδης
258 1383 407 1474 δευτέρα.
440 1380 510 1452 cinti
528 1379 598 1450 Γ
556 1409 680 1473 ραστου
702 1381 804 1463 τινός.
836 1385 875 1454 τδ
898 1386 1035 1454 ε’θνικόν
1053 1366 1259 1475 Γραστίῦνες.

188 1505 354 1589 Γρῢνυι,
377 1499 551 1585 πολίχνιον
572 1501 782 1591 Μυριναίιυν,
806 1494 846 1571 οὗ
869 1505 950 1596 καί
971 1501 1060 1593 ιερδν
1081 1502 1257 1575 Ἀπόλλω-
1273 1529 1297 1568 1⁰

99 1647 158 1701 νος
179 1622 237 1688 καί
256 1627 412 1704 μαντεῖον
435 1617 571 1711 ἀρχαῖον
590 1623 647 1689 καί
669 1622 748 1701 ναός
769 1623 956 1712 πολυτελής
978 1625 1097 1691 λευκοῦ
1119 1622 1258 1706 λίθου”,

100 1742 136 1810 ἐν
158 1730 186 1830 ᾦ
206 1743 357 1825 τιμᾶται.
387 1737 560 1822 Ἑκαταῖος
582 1740 620 1808 δὲ
641 1740 701 1828 την
722 1737 827 1808 πάλιν
849 1748 878 1807 Γ
881 1738 1050 1829 ράκειαν
1072 1742 1176 1808 καλεῖ.
1220 1742 1259 1809 τό

101 1859 239 1938 ἐθνικδν
260 1855 405 1946 Γρυνεάς
424 1860 481 1926 καί
503 1856 642 1948 Γρυνηίς
662 1859 701 1927 τό
724 1856 881 1949 θηλυκόν.
914 1858 1125 1947 λέγεταικαὶ
1149 1854 1259 1950 ι(Γρά-

100 2004 192 2059 νειος
219 1974 421 2046 Ἀπόλλων”
459 1974 505 2058 τίς
537 1979 736 2068 Παρθένιος
766 1976 887 2069 Δήλῳ,
922 1979 980 2046 καί
1007 1987 1038 2046 Γ
1036 1974 1171 2067 ρυνηίος
1204 1978 1261 2045 καὶ

102 2106 133 2166 Γ
131 2093 264 2189 ρυνικάς
283 2096 323 2164 τό
346 2093 506 2184 κτητικόν,
530 2097 587 2164 καί
609 2094 791 2188 οὐδετέρως
816 2098 858 2166 τά
882 2095 1035 2187 Γρύνεια.
1270 2117 1296 2157 1⁵

187 2213 391 2306 Γριίνεια,
416 2213 518 2296 πόλις
537 2214 698 2295 Φωκίδος.
735 2216 774 2285 τό
796 2216 934 2286 ἐθνικὸν
948 2212 1108 2306 Γρωνεός,
1132 2211 1178 2296 τίς
1197 2220 1256 2305 τῆς

102 2333 262 2426 Γρυνείας
282 2334 322 2404 τό
344 2331 498 2424 Γρυνεάς.
539 2331 559 2422 ἡ
583 2334 646 2424 γάρ
667 2334 726 2402 διδ
748 2339 808 2404 τοῦ
829 2337 849 2404 ὗ
867 2340 927 2424 τῆς
952 2333 1112 2426 Τρωάδος
1133 2333 1215 2405 ἐστί.

186 2461 218 2522 Γ
221 2451 362 2541 άαρος,
394 2457 494 2541 νῆσος
521 2452 584 2537 μία
611 2458 677 2520 τῶν
697 2451 901 2541 Σποράδων,
932 2457 1088 2542 θηλυκῶς
1115 2453 1257 2541 λέγεται.

95 2572 285 2661 Ἀντίγονος
306 2567 339 2639 δ’
364 2567 382 2638 ὁ
405 2567 596 2661 Καρύστιός
625 2594 728 2661 φησιν
759 2571 811 2639 ὅτι
838 2570 874 2641 ἐν
899 2571 1003 2661 ταύτῃ
1026 2569 1058 2640 oi
1079 2567 1160 2655 μύες
1182 2572 1257 2638 δια-

99 2688 267 2783 τρυίγουσι
285 2690 343 2758 τόν
364 2687 508 2779 σίδηρον,
531 2690 589 2757 καί
610 2686 662 2758 ὅτι
685 2686 704 2778 ἡ
727 2684 866 2780 άχερδος
887 2687 955 2758 ἐκεῖ
975 2684 1167 2771 θανάσιμόν
1186 2684 1295 2755 ἐστιν]

100 2809 166 2880 κάν
194 2807 243 2890 εἰς
267 2803 349 2876 άλλο
376 2809 513 2901 δένδρον
540 2806 691 2898 ἐμπήξης
726 2804 920 2899 ἀφαυαίνει.
966 2812 1062 2876 ποιεῖ
1093 2806 1131 2876 δι’
1158 2809 1256 2875 τοῦτο

100 3001 305 3016 ῄ--ῇ

103 3113 131 3164 1.
153 3101 183 3161 Γ
179 3097 292 3182 ριίμιυν
311 3100 347 3158 V.
425 3105 453 3158 2.
475 3098 506 3157 Γ
503 3092 671 3176 ραμμήσιοι
692 3102 756 3170 RV,
777 3099 807 3158 Γ
804 3097 962 3178 ρομμίτιοι
983 3100 1016 3154 A.
1038 3117 1111 3154 corr.
1132 3099 1167 3155 L.
1183 3098 1256 3154 Din-

104 3197 220 3256 dorfius.
299 3191 351 3252 κοί
371 3194 439 3252 add.
453 3195 494 3253 Μ.
572 3199 600 3253 3.
620 3191 651 3250 Γ
649 3186 812 3271 ράοτιλλον
831 3193 896 3250 RV.
975 3195 1002 3247 6.
1024 3186 1054 3245 Γ
1051 3193 1175 3264 ρησῖνος
1194 3190 1258 3255 RV,

101 3289 133 3349 Γ
130 3285 255 3368 ρησίνος
274 3289 307 3356 A,
328 3285 358 3345 Γ
355 3284 463 3364 ρησίνη
483 3289 613 3346 Zonaras
633 3287 704 3344 Lex.
724 3308 754 3366 p.
774 3287 842 3346 454.
958 3273 1141 3358 Χερονήσου
1161 3281 1197 3337 R.
1218 3279 1257 3336 cs.

101 3386 188 3443 adv.
208 3377 304 3458 Σάνη.
420 3386 449 3440 8.
470 3378 501 3437 Γ
497 3375 702 3459 ρηστονίαλί
720 3391 721 3394 ’
820 3385 848 3439 9.
869 3372 1010 3456 δευτέρα]
1038 3394 1063 3432 c.
1084 3376 1217 3440 99,100.

102 3471 170 3535 Γ
130 3495 248 3551 ραστου
269 3485 299 3534 et
317 3494 383 3532 mox
404 3471 433 3532 Γ
430 3491 586 3551 ραστωνες
604 3474 641 3542 Χ,
665 3465 713 3528 Γ
693 3490 810 3550 αστρου
831 3481 860 3530 et
880 3470 910 3530 Γ
907 3485 1062 3545 αστριυνες
1081 3467 1159 3532 libri,
1181 3481 1255 3538 quae

102 3571 246 3649 scriptura
276 3577 388 3647 spectat
417 3567 455 3624 ad
487 3568 615 3623 vitiosam
641 3566 762 3622 formam
788 3565 819 3623 Γ
816 3583 988 3640 αστριυνια
1020 3560 1056 3616 de
1083 3577 1141 3634 qua
1168 3573 1257 3634 supra

101 3663 280 3740 Stephanus.
379 3665 425 3719 10.
447 3657 615 3737 ΓρῦνυιΒ,
640 3652 754 3734 Γράνυι
773 3659 833 3724 AV,
859 3648 990 3730 Γράνιον
1010 3653 1141 3718 Vossius,
1162 3660 1192 3705 ut
1213 3658 1256 3706 est

102 3759 132 3813 in
152 3757 233 3814 libris
255 3755 350 3812 Strab.
372 3759 419 3811 13.
439 3755 547 3831 p.622.
569 3771 652 3827 quem
672 3762 771 3810 noster
790 3749 993 3824 transscripsit.
1070 3736 1258 3820 Μυριναίων

102 3850 157 3908 RV
178 3857 208 3907 et
225 3849 341 3917 Strabo,
360 3843 609 3921 Μυρηναίωνλ.
700 3849 746 3902 11.
768 3839 841 3909 νεὼς
860 3842 975 3899 Strabo.
1064 3839 1111 3894 15.
1131 3827 1167 3892 τὸ
1188 3832 1256 3890 εδδ.

102 3943 140 4000 R.
220 3946 267 4001 18.
289 3934 334 3997 Γ
316 3959 398 4017 υαριι
418 3936 462 3996 H.
556 3943 603 3997 19.
617 3930 848 4014 ssvsszuvoch
823 3937 916 3991 c21.
1014 3935 1062 3988 20.
1082 3917 1259 4000 θανάσιμός

103 4039 273 4112 Antigonus.
357 4036 405 4090 21.
425 4022 556 4109 κάνητα
576 4027 628 4088 καί
647 4020 706 4088 κάν
725 4029 858 4108 praebuit
876 4027 1043 4101 Antigonus.
1122 4012 1259 4094 ίμντηξης

103 4132 143 4198 Μ,
169 4121 324 4204 ίμττλήξης
344 4127 511 4202 Antigonus,
536 4116 616 4201 πήξῃ
642 4123 715 4192 libri,
740 4115 893 4200 κη’ξηςΒ.
1009 4109 1174 4226 άιρρυαινιι
1193 4109 1257 4176 RV,

103 4218 322 4282 άπαυαίνειΑ.
434 4219 529 4291 ποιεῖ]
550 4219 754 4291 Antigonusc.
775 4221 825 4272 22:
847 4215 930 4269 ποιεῖ
946 4207 979 4268 δε
999 4202 1076 4266 αὐτὸ
1095 4204 1188 4263 τοῦτο
1207 4197 1257 4260 καί

103 4309 139 4373 τὸ
160 4331 217 4390 της
235 4332 306 4390 τρυη
306 4307 383 4381 όνος
402 4306 527 4387 κίντρον
545 4310 601 4385 τῆς
620 4305 809 4378 θαλαττίας·
830 4327 881 4366 και
874 4301 956 4364 ἐὰν
975 4299 1017 4369 είς
1037 4293 1110 4366 τοὺς
1129 4288 1259 4361 ὀδόντας

104 4399 175 4486 άψη
195 4399 376 4481 κατασήπει.
463 4404 554 4462 τοῦτο
575 4421 631 4461 ουτ.
653 4403 687 4459 V.
