2888 5084
627 262 699 335 115

160 434 348 531 Ἀργυρᾶ,
367 436 576 529 μητρόπολις
594 443 683 532 [τῆς]
701 442 737 512 έν
751 440 873 536 Ἰνδική
892 445 1114 537 Ταπροβάνης
1129 447 1241 542 νήσου,
1365 513 1369 520 .

78 555 99 626 b'
121 553 198 626 ἔστι
219 563 343 648 κριθῆς
363 555 482 649 νήσου·
511 561 651 652 καὶγὰρ
674 557 889 652 εόφορωτοίτη
910 564 982 634 ἐστὶ
1005 569 1062 637 καί
1083 571 1242 642 πλεῖστον

75 682 177 744 ποιεῖ
195 674 328 766 χρυσόν.
359 678 399 748 τό
421 679 558 749 έθνικόν
574 675 765 770 Ἀργυρίτης
782 677 804 772 ἢ
819 678 1029 774 Ἀργορηνός·
1053 683 1242 782 ἀμφότεροι

76 797 141 887 γάρ
165 794 200 866 οἱ
221 795 327 867 τόποι
349 796 521 888 συνήθεις.

157 912 407 1007 Ἀργυρῒνοι,
430 913 533 999 ἔθνος
550 914 805 1006 Ἢπειρωτικόν,
829 917 875 1002 ὡς
895 919 1039 1006 Τίμαιος
1058 926 1116 993 καὶ
1133 928 1265 996 Θέωνα

76 1035 135 1104 καί
155 1032 353 1126 Λυκόφρων
382 1034 455 1130 αείς
472 1033 682 1129 Ἀργυρίνους
702 1040 759 1110 καί
781 1038 975 1130 Κεραυνίων
997 1037 1143 1125 νάπας”.

160 1151 435 1245 Ἀργάριππα,
463 1152 566 1236 πόλις
586 1161 646 1244 τῆς
667 1157 820 1241 Δαυνίας
840 1160 924 1228 κατὰ
945 1159 1004 1231 τόν
1020 1157 1139 1232 Ἰόνιον
1162 1161 1240 1234 κάλ.-

77 1299 157 1342 πον.
203 1272 398 1364 Λυκόφρων
429 1270 473 1367 «ὁ
504 1271 537 1344 δ’
563 1271 777 1365 Ἀργάριπποι
805 1277 963 1348 Δαυνίων
995 1281 1240 1374 παγκληρίαν”.

80 1390 165 1480 αἱίτη
181 1386 308 1481 Ἀρποι
330 1393 492 1463 ἐκαλεῖτο.
534 1391 710 1483 Διομήδης
728 1397 813 1481 μετὰ
835 1398 894 1487 τήν
916 1399 1042 1470 ἅλωσιν
1062 1406 1122 1492 τῆς
1139 1399 1239 1472 Ἰλίου

79 1508 222 1598 ἐτείχισε
243 1513 301 1581 καί
321 1510 557 1597 μετωνόμασεν
574 1506 696 1603 Ἀργος
708 1512 858 1585 Ἵππιον.
900 1519 940 1586 τό
962 1519 1100 1590 έθνικόν
1121 1518 1236 1610 Ἀργυ-
1251 1553 1278 1592 ιο

79 1629 263 1719 ριππανός.
306 1629 466 1721 Στράβων
491 1629 730 1721 Ἀργυριπηνός
752 1659 865 1726 φησιν.

153 1745 366 1840 Ἀργυρος,
390 1747 501 1831 πόλις.
549 1747 709 1831 Φίλιστος
729 1750 765 1819 ἐν
788 1750 899 1843 ἐνάτη.

158 1866 400 1959 Ἀρδαλίδες
429 1869 486 1938 καὶ
508 1866 827 1959 Ἀρδαλιοίτιδες
852 1875 1016 1956 τιμῶνται
1038 1871 1075 1942 αλ
1094 1878 1239 1944 Μοῦσαι

78 1989 111 2058 ἓν
146 1991 321 2079 Τροιζῆνι,
358 1985 428 2058 ἀπό
457 1986 624 2077 Ἀρδάλου
655 1990 746 2071 τινός
778 1987 997 2080 ἱδρυσαμένου
1028 1987 1050 2083 ἢ
1078 1992 1136 2062 καί
1165 1989 1238 2064 άπὸ

77 2105 195 2176 τόπου.
239 2103 331 2176 ἔστιν
359 2101 418 2177 οὖν
444 2087 587 2195 τοῦμὲν
610 2106 831 2200 Ἀρδαλιιῦτις
851 2109 891 2179 τό
914 2105 1089 2200 ἀρσενικόν
1113 2108 1275 2203 Ἀρδα-ιτ

76 2223 208 2316 λιοίτης,
230 2231 292 2296 τοῦ
314 2224 346 2296 δ’
364 2224 523 2317 Ἀρδαλίς
538 2224 702 2318 Ἀρδαλός
725 2225 770 2310 ὡς
795 2227 973 2311 Θετταλός.

157 2343 199 2415 Ἀ
206 2349 254 2436 ρδ
262 2348 330 2430 έα,
375 2346 529 2416 κατοικία
570 2352 629 2438 τῆς
664 2344 819 2430 Ἰταλίας.
882 2346 1042 2438 Στράβων
1085 2349 1236 2440 πέμπτῃ.

76 2462 207 2556 ἐκλήθη
237 2447 309 2535 άπὸ
340 2463 414 2548 ἑνός
438 2470 505 2534 τῶν
532 2464 665 2534 παίδων
687 2462 874 2548 Ὀδυσσέως
895 2469 953 2535 καὶ
973 2467 1109 2558 Κίρκης.
1154 2466 1236 2556 αἶὀη

78 2583 187 2677 Τροία
210 2584 352 2674 ἐλέγετο,
375 2579 421 2667 ὡς
442 2582 570 2675 Χάραξ.
615 2580 648 2653 οἱ
669 2582 835 2664 οἰκοῦντες
851 2579 1041 2673 Ἀρδεᾶται.
1086 2583 1158 2654 ἔστι
1180 2585 1237 2653 καί

72 2851 313 2911 Schneidewinus
327 2849 432 2908 Philol.
445 2856 459 2909 1
478 2872 509 2929 p.
520 2854 588 2911 379.
667 2853 715 2908 13.
729 2838 904 2925 Ἀργόννιος
919 2850 980 2919 AV,
994 2841 1183 2926 Ἀργόνντιος
1196 2851 1233 2909 R.

75 2938 255 3023 1.Ἀργνρυ
275 2944 350 3002 libri.
464 2943 518 3018 τῆς
538 2943 607 3000 add.
627 2943 668 3000 111.
788 2935 997 3020 Ταπροβάνης
1016 2934 1112 3018 νήσου
1132 2940 1234 3014 flav,

76 3030 297 3113 Ταπρυβάνκτι
321 3028 406 3116 νήσῳ
426 3038 464 3104 Α,
493 3029 685 3113 Τυπροβάνῃ
710 3025 794 3114 νήσῳ
820 3035 862 3101 Χ,
887 3028 1045 3108 Ἰαβαδίου
1070 3035 1233 3094 Βοολιεηυι

71 3143 197 3212 propter
207 3129 331 3188 Ptolem.
341 3133 371 3200 7,
384 3132 412 3198 2,
426 3132 477 3186 27:
495 3121 653 3202 Ἰοβαδίυυ
675 3117 708 3202 (ἢ
723 3121 901 3201 Σαβαδίου)
923 3117 940 3182 ό
961 3121 1101 3199 σημαίνει
1121 3127 1235 3204 κριθῆς

72 3225 178 3300 νῆσος.
206 3211 410 3301 ιδρορωτάτη
431 3217 465 3279 δέ
483 3215 600 3297 λέγεται
619 3211 639 3297 ἡ
659 3218 753 3295 νῆσος
772 3209 847 3276 ελναι
867 3213 918 3275 καί
939 3209 982 3274 λ’τι
1002 3215 1146 3274 πλεῖστον
1159 3237 1234 3294 χρυ-

70 3312 129 3376 σόν
148 3320 255 3373 ποιεῖν.
280 3308 359 3388 ἔχειν
377 3332 409 3370 τε
427 3305 618 3390 μητρόπολιν
637 3303 735 3387 ὄνομα
749 3304 900 3390 Ἀργυρῆν
920 3305 969 3368 lul
988 3311 1054 3378 τοῖς
1073 3305 1235 3386 δυσμικοΐς

71 3405 213 3487 πέρασιν.
249 3408 289 3466 cl.
314 3407 356 3465 id.
377 3411 482 3476 8‚27,
504 3411 550 3465 10.
583 3405 651 3462 1οτ1.
678 3406 765 3480 igitur
790 3413 856 3483 post
881 3396 976 3478 νήσου
1002 3401 1109 3461 excidit
1135 3394 1235 3469 ὡςδὲ

70 3493 158 3560 ἄλλοι
178 3494 348 3576 Ἰοβιιδίου.
438 3505 468 3557 2.
490 3499 584 3575 νῆσος
603 3498 640 3555 V.
728 3502 757 3556 3.
777 3501 873 3554 ποιεῖν
892 3496 929 3552 V.
1017 3497 1046 3553 5.
1059 3485 1234 3572 Ἀργόρινοι

71 3597 146 3653 libri.
254 3598 283 3650 6.
301 3585 500 3671 Λυκόφρων]
523 3611 563 3649 νε.
583 3595 669 3649 1017.
776 3594 805 3648 8.
825 3579 1024 3665 Λυκόφρων]
1046 3606 1086 3644 τε.
1108 3591 1174 3646 592.

64 3681 261 3766 Ἀργυρίππα
282 3685 362 3753 libri,
387 3679 597 3762 Ἀργυρίπνιον
616 3685 653 3742 Χ.
681 3673 884 3760 Ἀρηάρυιπα,
906 3697 961 3745 ων,
983 3687 1028 3736 est
1046 3679 1133 3736 etiam
1154 3679 1233 3756 apud

72 3783 224 3840 Polemon.
238 3778 277 3836 sr.
290 3781 330 3835 20
342 3786 371 3836 et
380 3776 500 3852 Dionys.
512 3776 579 3833 Hal.
592 3776 663 3834 Exc.
677 3778 744 3834 Vnt.
756 3779 803 3841 20,
814 3777 842 3830 6.
919 3775 947 3830 9.
961 3762 1069 3846 Ἄρειοι
1080 3770 1116 3838 Β,
1130 3765 1233 3847 Λάπη

71 3873 114 3944 Π,
134 3867 264 3948 Λάμπη
285 3871 375 3928 ARV.
454 3875 500 3927 10.
512 3872 559 3927 11.
573 3858 832 3946 Ἀργυριιιπιιινός
850 3864 924 3931 libri,
944 3862 1067 3920 correxit
1083 3862 1233 3921 Cluverus.

73 3975 117 4027 11.
138 3957 310 4042 Στράβων]
331 3967 349 4020 6
369 3984 399 4041 p.
413 3965 481 4021 283.
503 3962 551 4018 ubi
571 3971 615 4019 est
628 3950 880 4038 Ἀργυριπνιηνός.
901 3957 1021 4014 alteram
1040 3955 1161 4012 sormam
1181 3975 1236 4032 per

72 4061 193 4140 simplex
214 4059 238 4114 ῖι
258 4057 412 4134 scriptam,
432 4065 463 4111 ut
481 4045 674 4130 Κεντόριπα,
696 4050 948 4128 agnoscitVi1·gil.
969 4049 1040 4107 λετ.
1061 4052 1107 4116 11,
1127 4049 1184 4105 246
1205 4057 1234 4106 et

71 4155 158 4212 Silius
189 4150 257 4209 ltal.
281 4151 333 4216 13,
360 4151 407 4206 30.
440 4157 593 4226 praeterea
621 4145 784 4204 italicorum
816 4141 962 4219 gentilium
992 4151 1077 4218 typus
1107 4138 1236 4218 postulat

68 4239 290 4324 Ἰργυρινιῖνος.
370 4245 417 4300 12.
431 4231 594 4317 Ἄρην-ρος]
616 4235 823 4296 τ.(ἰοε11ειιιιιι
844 4234 882 4292 ad
895 4233 1007 4291 Philisti
1026 4232 1063 4289 sr.
1075 4234 1124 4290 36.
1202 4227 1235 4289 έν

70 4339 134 4398 εδδ.
155 4336 267 4398 HRV.
388 4334 434 4391 14.
455 4329 506 4390 καί
527 4331 596 4389 εδδ.
617 4331 681 4400 AR,
702 4348 758 4388 om.
780 4329 817 4386 V.
934 4331 982 4385 17.
995 4316 1108 4400 Ἀρδεο
1128 4323 1203 4382 libri.

68 4431 201 4514 πέμπτη]
225 4449 258 4510 p.
280 4431 351 4486 228.
463 4430 509 4484 19.
531 4418 573 4492 ὡς
592 4415 720 4504 Χάραξ]
745 4423 825 4479 llaec
844 4438 942 4480 errore
961 4425 1035 4565 αεὸτρ
1049 4435 1115 4475 esse
1135 4414 1233 4492 nuspi-
