2866 5092
761 263 812 332 40

209 448 268 514 κόν
295 445 507 536 Αἰγειρᾶτις.
553 441 666 512 Φίλων
694 443 734 511 δέ
761 464 844 531 φησι
871 436 1030 519 Κιλικίας
1058 435 1159 505 πόλιν
1187 430 1275 505 εἰναι
1298 433 1369 506 Αἴ-

209 591 333 655 γειραν.

295 691 334 752 Α
341 681 553 770 ἰγείρουσα
560 733 569 762 ,
593 676 697 760 πόλις
715 683 775 768 τῆς
796 673 1006 765 Μεγαρίδος,
1030 671 1076 758 ὡς
1097 671 1267 765 Στράβων.
1315 674 1370 742 λε’-

212 829 307 892 γεται
328 803 384 869 καί
403 797 580 890 Αἰγειρυς,
603 794 649 880 ὡς
667 795 876 882 Θεόπομπός
896 799 1103 884 πεντηκοστῇ
1124 793 1212 884 ἕκτῃ.
1246 793 1286 860 τὸ
1309 790 1372 862 ἐό-

187 920 305 988 ῦνικόν
327 917 517 1007 Αἰγειρεός,
540 915 586 998 ὡς
607 923 665 1007 τῆς
691 916 867 986 Φιλίππου
893 912 1096 994 Φιλιππεός,
1122 917 1257 1000 Ταρσοῦ
1284 920 1372 998 Ταρ-

213 1035 301 1120 σεύς.
343 1043 403 1127 τῆς
425 1035 459 1106 δ’
484 1033 710 1127 Αἰγειροάσης
731 1034 994 1124 Αἰγειρουσαῐος
1016 1029 1062 1112 ὡς
1082 1038 1323 1112 Σκοτουσαῖος,
1352 1025 1372 1119 ἢ

213 1154 455 1245 Αἰγειροάσιος
477 1151 524 1236 ὡς
540 1151 758 1234 Πιτυοάσιος.
781 1150 853 1221 ἔστι
874 1151 930 1219 καί
944 1148 1112 1230 Αἰολίάος
1134 1147 1238 1231 πόλις
1249 1148 1372 1238 Αἰγει-

215 1281 350 1363 ροῦσσα,
373 1270 420 1354 ὡς
437 1270 635 1360 Ἡρόδοτος.

301 1390 566 1480 Αἰγεσταῖοι,
589 1387 624 1458 οἰ
646 1388 853 1476 Θεσπρωτοί,
876 1382 947 1457 άπό
968 1409 1060 1464 τινος
1080 1383 1253 1474 Αἰγέστου
1273 1410 1372 1475 στρα-

179 1516 327 1600 ιυτηγοῠ,
351 1507 397 1591 ὡς
417 1506 617 1597 Ἀμυμναῖοι
639 1505 710 1578 οἰπό
728 1505 907 1594 Ἀμόμνου.

301 1638 340 1698 A
346 1627 469 1718 ἰγηίς,
491 1626 580 1719 φυλὴ
597 1632 657 1715 τῆς
673 1624 835 1716 Ἀττικῆς,
857 1622 928 1696 άπό
944 1622 1081 1712 Αἰγέως
1094 1627 1155 1692 τοῦ
1171 1621 1373 1704 Πανδίονος.

303 1746 504 1837 Αἴγηλοι,
528 1743 631 1826 ἔθνος
652 1741 822 1833 Μηδικόν.

304 1862 528 1954 Αἰγιαλός,
559 1863 684 1950 μεταξὺ
704 1869 874 1944 Σικυῶνος
901 1863 960 1930 καί
984 1865 1046 1929 τοῦ
1067 1861 1288 1948 Βουπρασίου
1316 1890 1374 1930 κα-

220 1983 382 2070 λούμενος
408 1979 514 2062 τόπος
544 1978 615 2050 άπό
638 1979 836 2071 Αἰγιαλέως
862 1986 922 2050 τοῦ
946 1977 1088 2064 Ἰνάχου,
1120 1975 1167 2061 ὥς
1186 1976 1316 2071 Ἴστρος
1342 1983 1376 2050 ἒν

182 2127 207 2168 ιι
221 2098 398 2182 ἀποικίαις
424 2104 492 2192 τῆς
516 2095 708 2187 Αἰγύπτου.
752 2098 843 2169 ἔστιν
871 2101 984 2188 ἕτερος
1010 2097 1181 2186 Αἰγιαλός
1211 2101 1377 2190 προσεγὴς

218 2225 267 2309 τῷ
289 2217 411 2309 Πόντῳ
431 2218 516 2304 μετὰ
537 2217 598 2307 τὴν
619 2215 799 2307 Κάραμβιν
821 2213 939 2307 άκραν,
962 2214 1009 2300 ὡς
1023 2215 1265 2300 Ἀπολλώνιος.
1309 2217 1377 2304 ἔχει

222 2340 260 2408 δὲ
294 2339 351 2405 καί
382 2335 495 2426 κώμην
530 2333 716 2423 ὁμώνυμον.
751 2337 896 2428 ’Όμηρος
926 2334 1119 2431 ι,Κρῶμνάν
1149 2333 1176 2404 τ’
1206 2335 1378 2427 Αἰγιαλόν

220 2453 294 2525 τι”.
326 2453 492 2547 γράφεται
513 2456 553 2525 δὲ
576 2461 767 2549 αΚρῶμναν
788 2452 974 2540 Κωβιαλόν
995 2453 1069 2523 τε”.
1113 2453 1184 2525 ἔστι
1205 2459 1263 2524 καί
1288 2455 1378 2548 Θρᾴ-

222 2600 281 2663 κης
309 2571 480 2662 Αἰγιαλός
511 2575 606 2664 παρά
633 2579 682 2664 τῷ
709 2570 890 2662 Στρυμόνι,
923 2568 969 2654 ὥς
993 2569 1177 2653 Ἑκαταῖος.
1221 2573 1293 2644 ἔστι
1323 2579 1380 2645 καί

185 2687 327 2774 Ἅιάλλος
347 2692 520 2783 Αἰγιαλός
545 2693 651 2782 μίγας
676 2688 879 2777 καλούμενος
908 2689 942 2760 ἓν
964 2689 1146 2784 Αἰθιοπίᾳ
1173 2683 1243 2761 κατ’
1267 2694 1379 2785 Αἰγυ-

223 2839 318 2880 πτον.
360 2815 400 2881 τὸ
423 2815 560 2884 ἰθνικόν
581 2807 771 2900 Αἰγιαλεύς
791 2807 862 2879 σίπὸ
890 2814 949 2899 τῆς
970 2809 1143 2898 Αἰγιαλοῦ
1164 2819 1309 2903 γενικῆς,
1334 2813 1380 2896 ὡς

218 2927 440 3018 Ἀλεξάνδρου
462 2928 709 3017 Ἀλεξανδρεύς.
755 2925 942 3017 εὑρίσκεται
971 2933 1010 3000 δί
1037 2933 1093 3000 καί
1121 2929 1293 3021 αἰγιαλεάς
1323 2932 1381 3003 ἰπί

226 3044 354 3131 ἰχθύος.
387 3049 426 3116 τό
448 3049 597 3137 θηλυκόν
616 3044 814 3134 Αἰγιάλεια,
836 3047 893 3114 καί
912 3047 1077 3138 Αἰγιαλίς
1098 3051 1190 3141 παρά
1208 3049 1381 3137 Ἀλκμᾶνι,

226 3167 283 3234 καί
303 3164 508 3257 Αἰγιαλίτης
531 3163 722 3257 οἰρσενικιῦς.

185 3318 211 3357 π
309 3283 581 3375 Αἰγικόρειος.
619 3281 678 3352 οὐκ
706 3281 777 3354 ἔστι
805 3287 911 3371 δῆμος
939 3290 998 3375 τῆς
1014 3284 1179 3377 Ἀττικῆς,
1210 3287 1257 3368 άίς
1283 3317 1382 3373 τινες,

226 3567 441 3642 transponenda
462 3578 542 3625 sunt.
617 3574 644 3628 1.
667 3565 759 3647 φίλην
778 3571 816 3628 V.
897 3567 974 3644 [καί]
994 3569 1155 3642 Κιλικιάςλ
1232 3581 1261 3634 3.
1281 3574 1385 3654 Αἰγιί·

227 3675 346 3730 ροεσσα
368 3659 431 3716 RV.
528 3653 693 3738 Στράβων]
714 3669 742 3722 9.
764 3684 794 3741 p.
814 3664 882 3723 394.
984 3668 1014 3721 6.
1033 3659 1263 3743 Αἰγιιροόσσης
1282 3668 1385 3746 Alya-

227 3753 393 3820 ρουυσαῖος
409 3750 446 3807 V.
523 3758 552 3812 7.
563 3759 592 3812 8.
612 3751 826 3831 Αἰγείρουσσα
840 3756 903 3828 RV,
922 3751 1114 3830 Αἰγείρυυσα
1134 3761 1167 3814 Α.
1247 3765 1275 3818 8.
1292 3755 1385 3840 Ἡρό·

181 3837 330 3913 Ιιλοτος]
353 3845 383 3912 1,
409 3843 475 3901 148.
502 3846 551 3902 ubi
575 3856 619 3903 est
638 3841 841 3923 Αἰγιρόεσσα.
958 3851 1006 3904 10.
1024 3841 1215 3923 Ἀμυμνυίου
1242 3852 1307 3911 RV.
1375 3839 1376 3842 ἰ

227 3935 273 3986 12.
283 3928 415 4007 Αἰγρλοι
429 3932 607 4013 (Αἰγηλοίί)
621 3935 784 4015 οκΑἰγλοί
794 3939 918 4015 (Herod.
930 3943 958 4006 3,
971 3939 1022 4013 92)
1037 3951 1201 4018 corruptum
1217 3944 1331 4003 videtur
1343 3948 1380 4004 Η.

227 4025 274 4078 13.
297 4025 342 4081 14.
365 4014 473 4099 [οὕτω]
495 4021 681 4102 καλούμενος
701 4031 737 4088 Β.
838 4035 885 4088 16.
899 4023 1119 4105 Ἀπολλώνιος]
1139 4036 1246 4109 Argon.
1269 4043 1297 4106 2,
1318 4041 1385 4098 945.

265 4107 421 4190 Καράβιην
440 4114 483 4173 Π.
591 4125 637 4178 17.
652 4111 803 4197 Ὅμηρος]
826 4123 857 4178 ΙΙ.
877 4127 911 4190 2,
932 4126 999 4181 855.
1025 4122 1064 4180 cs.
1083 4125 1188 4183 Strabo
1210 4133 1297 4206 121).
1319 4131 1385 4188 544.

230 4223 313 4278 quem
333 4208 470 4284 excn'psit
490 4209 666 4286 Stephanus.
764 4206 931 4291 Αἰγιιαλόν
952 4215 987 4271 V.
1091 4221 1137 4274 18.
1158 4216 1329 4292 Κωβιαλόν
1348 4223 1386 4287 Μ,

229 4292 357 4368 Κικβίαν
377 4299 441 4366 RV,
461 4297 583 4372 Kop’a'ar
602 4302 670 4372 ΑΠ,
692 4300 879 4382 Κριυβιυλόν
898 4308 934 4364 X.
961 4307 1071 4363 fallitur
1099 4310 1226 4382 Heynius
1248 4311 1285 4366 ad
1309 4312 1386 4379 11.2,

228 4389 293 4446 855.
395 4395 442 4448 25.
463 4389 640 4469 Αἰγικορεῖς
659 4398 788 4454 Boeckh.
811 4399 897 4455 Ιυεετ.
919 4405 936 4457 2
956 4419 986 4476 p.
1007 4403 1074 4456 931.
1171 4401 1226 4476 τῆς
1247 4422 1304 4459 om.
1325 4405 1360 4460 R.
