2880 5064
615 275 689 349 413

78 453 171 535 λίδος
203 456 281 544 περὶ
311 452 425 544 Κύμην
454 457 530 546 την]
547 457 747 545 Φρικωνίδα.
792 457 866 543 ἕκτη
882 454 1029 556 Συρίας,
1061 448 1102 544 ἣν
1127 453 1230 546 Σύροι

77 573 230 662 Σίζαρα
252 576 423 643 καλοῦσιν.
468 574 594 665 ἑβδόμη
621 577 762 658 Λυδίας.
806 571 909 664 ὀγδόη
934 572 1123 658 Θεσσαλίας
1144 577 1230 662 πρδς

75 699 116 783 τῇ
133 693 343 783 Μακεδονία.
380 692 478 784 ἐνάτη
501 695 643 787 Κρήτης.
681 693 801 784 δεκάτη
816 691 967 782 Ἀττικῆς
988 694 1060 762 ἐστι
1081 691 1229 783 Λάρισα.

75 818 132 884 καί
153 811 173 904 ἦ
198 811 383 902 ἀκρόπολις
406 820 466 884 τοῦ
486 811 639 906 Ἀρχους
647 813 795 903 Λάρισα.
840 815 896 881 καὶ
919 809 936 881 5
960 811 1100 901 πολίτης
1121 816 1230 901 Λαρι-

75 941 173 1016 οαῖος
194 957 250 1002 και
242 935 434 1023 Λαρισεύς
451 932 547 1016 Ζεύς.
582 934 741 1027 Στράβων
763 937 801 1005 δὲ
822 931 933 1022 κώμην
955 935 1056 1023 φησὶν
1075 930 1228 1024 Ἐφέσου,
1243 959 1255 997 ⁵

74 1051 112 1122 ἐν
132 1045 347 1144 ᾗἈπόλλων
369 1051 570 1144 Λαριοηνός.

275 1195 296 1234 ι
520 1195 541 1234 ι
706 1199 707 1202 “
763 1197 783 1234 e
1007 1197 1027 1233 κ

157 1294 336 1382 Λῆμνος,
374 1298 473 1381 νῆσος
506 1294 592 1380 πρὸς
618 1319 659 1384 τη
691 1289 819 1383 Θράκῃ,
854 1291 915 1363 δύο
949 1292 1070 1374 πόλεις
1098 1292 1228 1378 ἔχουσα,

69 1407 277 1500 Ἡφαιστίαν
307 1413 363 1480 καί
392 1410 562 1500 Μύριναν,
593 1407 640 1492 ὡς
664 1408 838 1492 Ἑκαταῖος
860 1409 1025 1504 Εὐρώπῃ.
1060 1412 1141 1483 άπὸ
1163 1419 1230 1503 τῆς

72 1529 217 1618 μεχάλης
247 1531 424 1619 λεγομένης
453 1535 555 1609 θεοῦ,
590 1525 631 1619 ἣν
657 1528 795 1620 Λῆμνόν
825 1549 926 1622 φασι·
961 1531 1065 1623 ταύτῃ
1099 1537 1137 1603 δὲ
1173 1534 1268 1604 naim

74 1652 268 1738 παρθένους
298 1648 460 1718 δίεσθαι.
506 1647 637 1740 ᾠκίσθη
670 1653 708 1720 δὲ
743 1656 876 1742 πρῶτον
905 1648 973 1719 ὑπὸ
1006 1657 1160 1742 Θρᾳκῶν,
1195 1649 1233 1720 οἳ

73 1768 203 1852 Σίντιες
224 1772 416 1850 ἐκαλοῦντο,
449 1765 494 1850 ὡς
515 1767 684 1860 Στράβων.
730 1769 763 1838 οῖ
790 1768 824 1839 δ’
850 1765 946 1839 aizoi
968 1760 1061 1840 οὗτοι
1083 1773 1140 1839 καί
1160 1779 1228 1840 Σα-

73 1895 185 1958 παῖοι.
230 1885 248 1958 5
272 1888 411 1980 οίκήτωρ
434 1886 585 1978 Λήμνιος
607 1891 664 1957 καὶ
686 1887 856 1978 Λημνικός
878 1887 1039 1979 κτητικόν.

159 2006 356 2098 Λήναιος,
387 2007 477 2099 άχιδν
507 2007 676 2079 Διονύσου
706 2009 741 2079 ἐν
770 2006 897 2100 ἀγροῖς,
928 2005 997 2079 άπδ
1027 2015 1086 2099 τῆς
1116 2011 1226 2098 ληνοῦ.

67 2125 327 2218 Ἀπολλόδωρος
348 2129 383 2198 ἐν
403 2129 502 2219 τρίτῳ
522 2135 691 2220 χρονικῶν.
725 2131 782 2198 καί
795 2127 964 2219 Ληναϊκάς
978 2131 1035 2198 καὶ
1048 2127 1226 2218 Ληναιεάς.
1240 2163 1265 2203 ιε

73 2245 146 2317 ἔστι
169 2250 283 2318 δὲκαὶ
306 2251 421 2340 δῆμος.

159 2372 308 2458 Λῆνος,
334 2367 426 2459 χῶρα
448 2375 508 2461 τῆς
529 2375 699 2440 Πισατῶν.
738 2366 919 2458 δπολίτης
938 2373 1097 2460 Ληναῖος.
1140 2369 1227 2440 Φλί-

73 2515 140 2578 γων
165 2486 210 2577 μή
235 2485 434 2576 ὀλυμπιάδι.

70 2625 74 2628 ”
159 2606 285 2699 Λητή,
314 2605 416 2689 πόλις
439 2607 669 2689 Μακεδονίας,
699 2605 769 2675 άπδ
796 2612 857 2676 τοῦ
882 2607 1026 2696 πλησίον
1052 2606 1228 2697 ἱδρυμένου

73 2730 207 2816 Λητοῦς
234 2723 339 2816 ἱεροῦ,
368 2724 413 2809 ῶς
443 2730 608 2817 Θεαγένης
630 2729 888 2807 Μακεδονικοῖς.
932 2726 971 2795 τδ
1000 2726 1135 2796 ίδνικδν
1156 2729 1266 2815 Λη-νο

70 2853 183 2926 τοῖος·
207 2846 312 2929 οὕτως
328 2849 388 2939 χάρ
406 2846 586 2938 ἱστορεῖται
601 2848 753 2937 Νέαρχος
767 2851 924 2937 Ληιαῖος,
941 2849 1007 2915 τῶν
1019 2843 1227 2938 Ἀλεξάνδρῳ

70 2973 120 3058 τῷ
140 2964 275 3056 μεγάλῳ
298 2971 629 3059 συστρατευσαμένων
651 2964 671 3037 5
694 2964 950 3059 διασημότατος.
1007 2949 1013 2958 ’

72 3145 272 3154 —....-...-——-..

74 3241 101 3293 1.
122 3231 208 3312 παρὰ
227 3237 264 3295 R.
382 3235 438 3315 τὴν
460 3237 637 3314 Φρικωνίδα
665 3241 867 3308 casaubonus,
895 3235 952 3316 τὴν
973 3234 1142 3314 (Domitia
1162 3239 1226 3306 Rv,

71 3323 130 3404 τὴν
149 3326 266 3390 ...νίδα
286 3335 319 3390 Α.
407 3337 436 3390 3.
446 3333 474 3390 4.
489 3325 638 3409 Ἀττικῆς.
659 3327 725 3392 ἔστι
742 3327 899 3410 Λάρισσα
918 3329 969 3390 καί
989 3325 1008 3408 ἡ
1029 3333 1064 3400 R,
1078 3325 1227 3390 Ἀττικῶν

72 3419 138 3482 ἔστι
156 3419 299 3500 Λάρισα.
320 3421 371 3482 καί
390 3419 410 3502 ἡ
430 3426 466 3482 V.
574 3429 601 3483 4.
622 3422 672 3483 καί
693 3420 709 3485 5
729 3431 762 3495 Α,
782 3421 798 3486 5
818 3429 854 3486 R.
958 3431 986 3486 5.
1005 3419 1170 3503 Λαρισεδς
1190 3425 1226 3493 V,

70 3513 255 3592 Λορισσιδς
276 3521 308 3586 Α,
327 3515 529 3594 Λαρισσαῖος
548 3520 584 3576 R.
667 3513 834 3596 Στράβων]
856 3528 873 3581 9
893 3541 923 3598 p.
944 3520 1009 3577 440.
1032 3523 1068 3578 13
1088 3539 1119 3597 ρ.
1139 3523 1205 3576 620.

71 3611 99 3664 6.
119 3602 306 3685 Λαρισηνός
324 3611 387 3681 RV,
413 3605 619 3688 Λαρισσηνός
639 3618 672 3671 Λ.
788 3619 816 3672 7.
838 3616 957 3672 lacunae
984 3612 1128 3670 indicatae
1153 3611 1227 3670 haee

71 3713 239 3770 causaest,
265 3705 342 3779 quod
369 3707 443 3764 inter
468 3706 610 3763 sectiones
637 3705 673 3763 de
694 3707 797 3764 Larisa
821 3719 850 3766 et
868 3708 980 3766 Lemno
1005 3706 1093 3764 multa
1115 3707 1226 3764 urbium

69 3796 302 3875 populorumque
323 3799 437 3856 nomine
457 3798 636 3858 intercidisse
657 3808 787 3876 opertum
808 3811 861 3858 est.
953 3804 981 3860 8.
1000 3795 1130 3873 Λῆμνοι
1148 3799 1186 3856 R.

71 3893 118 3947 10.
138 3886 304 3966 λεγομένηῖ
425 3911 501 3970 φησι
528 3893 564 3950 Χ.
693 3898 740 3950 11.
760 3887 900 3952 δίεσθαι
924 3893 1040 3971 PpRV‚
1070 3884 1166 3948 ἔθυον
1190 3895 1223 3948 Α.

70 3985 117 4040 12.
138 3976 305 4058 Στράβων]
325 3989 344 4042 7
369 4005 399 4062 p.
421 3990 487 4044 331.
604 3986 651 4043 14.
670 3979 820 4062 Adrum?
935 3990 983 4044 16.
1003 3979 1037 4042 δέ
1062 4001 1119 4038 om.
1140 3983 1175 4040 R.

70 4071 183 4150 δῆμος]
210 4077 300 4134 Error
325 4075 405 4134 fluxit
430 4097 465 4136 ex
485 4077 629 4156 Aristoph.
650 4079 720 4136 neh.
743 4081 814 4138 504:
841 4074 911 4140 nimi
929 4070 1065 4156 Ληναίῳ
1086 4068 1111 4132 τ’
1133 4069 1224 4152 άχῶν.

70 4172 118 4226 17.
128 4166 253 4244 Λῆνος]
275 4171 440 4240 emanue,
457 4175 507 4230 18:
530 4171 628 4249 φῆνος
648 4163 664 4228 5
684 4165 787 4242 τόπος.
808 4192 845 4231 an
863 4167 994 4248 Λῆνοςλ
1066 4159 1157 4244 χάριν
1178 4189 1225 4239 τις

70 4259 108 4328 H,
125 4255 214 4338 χῶρα
234 4263 297 4320 τῶν
317 4265 351 4332 Β,
372 4265 440 4322 fon.
450 4259 566 4341 χωρίον
581 4263 651 4322 τῶν.
729 4260 863 4326 Πισάων
876 4277 942 4326 ante
953 4266 989 4324 B.
1070 4256 1223 4342 10.Λη’τη

68 4354 107 4411 R.
197 4361 245 4414 21.
268 4352 426 4433 Νίκαρχος
446 4367 513 4416 aute
532 4359 568 4415 B.
658 4357 817 4438 Λητοῖος]
837 4359 998 4424 Nearchus,
1018 4357 1174 4416 Alexandri
1194 4360 1223 4414 iu

68 4445 302 4525 expeditionibus
330 4469 440 4518 eomes,
470 4450 637 4508 Cretensem
663 4457 758 4530 petrin
788 4455 879 4514 fuisse
904 4451 1021 4512 niiunde
1046 4463 1167 4515 constat.
1196 4470 1220 4508 v.
