2902 5084
616 294 708 404 ιιι,

71 478 227 566 ραχηνοίς
248 499 284 541 τι
306 475 363 541 καί
378 469 671 555 Ἀπολλωνιάταις
689 471 960 566 ίπιδιῂρηνται”.
995 479 1053 546 καί
1069 476 1233 566 Ἑρέννιος

75 593 191 663 Φίλων
224 592 259 662 ἐν
290 595 361 671 τοῖς
379 587 552 681 Ἰατρικοῖς
580 595 792 684 Δυρραχηνδν
822 591 1010 686 ἀναγράφει
1043 595 1232 685 Φιλωνίδην

71 711 179 794 οἱίτως
203 707 471 806 «Ἀσκληπιάδης
492 705 657 791 ἀκουστάς
679 709 752 796 ι’ίσχο
775 711 875 782 Τίτον
892 709 1070 804 Αὐφίδιον
1091 715 1231 783 Σικελόν

22 857 25 864 ⁴
71 833 130 902 καί
155 827 345 916 Φιλωνίδην
367 829 581 918 Δυρραχηνὸν
602 830 660 897 καί
680 829 817 900 Νίκωνα
839 827 1129 920 Ἀκραγαντῖνον”.
1172 835 1231 901 καί

73 946 180 1017 πάλιν
203 1011 225 1041 «
231 945 423 1037 Φιλωνίδης
438 949 476 1017 δά
493 942 512 1016 ό
530 948 741 1038 Δυρραχηνός
755 943 877 1039 ἤκουσε
891 949 953 1033 μὲν
967 945 1226 1038 Ἀσκληπιάδου,
1240 976 1253 1016 s

71 1064 249 1156 λατρετίσας
276 1067 315 1136 δὲ
341 1065 377 1135 ἐν
397 1070 439 1156 τῇ
460 1063 602 1156 πατρίδι
622 1063 765 1150 ἐνδόξως
787 1064 988 1148 συνετάξατο
1009 1066 1128 1152 βιβλία
1147 1066 1228 1152 μέ”.

73 1184 163 1274 λέχει
185 1185 224 1254 δά
246 1181 444 1263 Παυσανίας
466 1179 496 1267 ς’
518 1187 675 1274 περὶτῆς
697 1182 837 1274 ἀρχαίας
863 1187 998 1274 καὶτῆς
1018 1191 1075 1254 νῦν
1096 1183 1229 1274 πόλεως

72 1303 180 1383 οίπως
208 1299 447 1396 «Ἐπιδάμνιοι
472 1303 534 1387 μὲν
557 1299 669 1392 χώραν
696 1303 737 1393 ἣν
758 1328 822 1394 περ
845 1305 903 1373 καί
923 1305 961 1386 ἐξ
981 1295 1097 1395 ἀρχῆς,
1125 1302 1227 1374 πόλιν

66 1423 112 1491 δὲ
134 1417 176 1490 οὐ
196 1420 257 1509 τὴν
279 1417 420 1512 ἀρχαίαν
441 1421 499 1490 ίπί
520 1417 614 1510 ἡμῶν
637 1417 777 1504 ἔχουσιν,
800 1419 925 1512 ἐκείνης
945 1420 979 1491 δ’
1003 1419 1226 1513 ἀφεστηκυῖαν
1275 1453 1281 1462 ·

72 1537 201 1630 ὀλίγον·
236 1533 341 1624 όνομα
372 1540 411 1610 δὲ
440 1543 482 1632 τῇ
517 1535 619 1610 πόλει
651 1542 705 1630 [τῇ
739 1543 808 1619 νῦν]
839 1539 1028 1632 Δυρράχιον
1062 1538 1133 1612 ἀπό
1165 1548 1226 1612 τοῦ
1239 1577 1264 1616 ιιι

73 1654 261 1730 οίκιστοῦ”.

158 1775 433 1858 Δυσπόντιοι,
456 1773 558 1859 πόλις
578 1774 739 1857 Πισαίας,
761 1772 833 1846 ἀπό
855 1774 1056 1846 Δυσπόντου
1076 1781 1137 1846 τοῦ
1156 1779 1226 1848 Πό-

73 1901 198 1978 λοπος,
227 1896 321 1986 παρὰ
347 1896 407 1984 τὴν
434 1892 516 1966 όδδν
543 1895 603 1984 την
631 1891 669 1975 ἐξ
686 1887 831 1974 Ἤλιδος
852 1891 899 1975 είς
916 1890 1111 1979 Ὀλυμπίαν.
1155 1893 1226 1976 ἀπὸ

71 2013 193 2104 ταύτης
216 2010 410 2098 Ἀντίμαχος
439 2006 480 2102 ἦν
506 2009 745 2100 όλυμπιονίκης
775 2009 913 2101 νικήσας
938 2013 992 2102 [ἐν
1021 2009 1225 2103 ὀλυμπιάδι]

72 2131 223 2205 στάδιον.
269 2130 405 2218 auran
435 2127 471 2200 ἓν
502 2126 691 2214 ὀλυμπιάδι
718 2126 750 2216 ,ί
783 2127 1000 2222 «Ἀντίμαχος
1025 2129 1160 2214 Ἠλείας
1189 2133 1225 2202 ἐκ
1238 2168 1264 2207 ιι

73 2248 288 2324 Δυσποντίου
316 2246 490 2318 στάδιον”.
539 2250 596 2318 καί
628 2251 662 2318 ἐν
692 2245 738 2332 κζ
774 2245 963 2342 «Δάιππος
991 2247 1227 2344 Κροτωνιάτης

46 2461 47 2466 ¹
73 2369 156 2454 πάξ,
183 2366 327 2438 Ἠλείων
355 2368 391 2438 ἐκ
413 2369 627 2439 Δυσποντίου
652 2364 881 2459 τέθριππον”.
922 2369 1086 2458 μέμνηται
1108 2367 1141 2437 δ’
1166 2366 1227 2438 αό-

72 2495 130 2579 τῆς
160 2488 217 2556 καί
246 2485 390 2578 Τρύφων
417 2489 453 2556 ἐν
480 2484 697 2575 παρωνάμοις
723 2481 860 2576 γράφων
892 2485 997 2568 οίίτως
1023 2487 1062 2556 τὸ
1090 2483 1227 2556 ἒῧνικόν

75 2607 132 2703 «ολ
154 2609 193 2677 δὲ
207 2609 413 2686 Δυσποντεῖς
433 2601 473 2673 οδ
495 2606 589 2696 παρά
609 2605 669 2693 τὴν
691 2601 794 2673 πόλιν
811 2600 1025 2673 Δυσπόντιοι
1046 2606 1227 2673 καλοῦνται

71 2809 276 2826 μ

72 2989 103 3046 p.
115 2965 183 3024 244.
205 2966 252 3023 ubi
271 2965 399 3024 eiusdem
421 2966 475 3022 vici
492 2965 603 3022 incolas
618 2963 815 3044 Βαλαηρίτας
828 2966 926 3035 habes,
947 2968 1049 3042 quibus
1062 2956 1225 3041 Βαλάκραι

73 3069 102 3117 et
122 3053 334 3134 Βαλακρίτας,
355 3060 374 3115 i.
395 3076 422 3115 e.
446 3053 647 3132 Φαλακρίτας
666 3067 695 3116 et
717 3052 896 3136 Φαλάκραι,
921 3059 1129 3127 substitue‚.ut
1147 3056 1224 3114 idem

73 3150 154 3207 locus
174 3151 316 3206 communi
335 3149 428 3206 sonna
448 3149 553 3206 dicitur
572 3168 590 3206 a
609 3149 759 3228 Stephano
780 3171 803 3210 s.
817 3171 842 3208 v.
859 3142 1033 3225 Φαλάκραι.
1053 3149 1134 3226 Epiri
1154 3167 1223 3224 pro·

72 3243 243 3298 montorium
270 3234 438 3319 Φάλυκρον
461 3241 551 3300 habes
577 3243 656 3320 apud
681 3243 777 3302 Strab.
797 3248 826 3312 7,
844 3246 873 3310 7,
893 3244 922 3300 5.
948 3251 977 3298 et
996 3240 1066 3298 ldae
1093 3238 1225 3296 verticem

74 3326 230 3408 Φάλακρα
249 3333 328 3411 apud
348 3333 438 3390 schol.
458 3334 490 3391 ll.
511 3327 546 3402 ξ’,
567 3338 635 3393 283.
658 3335 773 3393 Οοίιιλίι.
791 3336 837 3392 14.
860 3344 888 3392 et
908 3332 1033 3390 Nicand.
1054 3331 1145 3388 Ther.
1157 3333 1224 3387 668.

71 3425 154 3483 Alex.
173 3425 222 3482 40.
349 3431 378 3484 1.
392 3419 544 3502 Ἐρέννιος
563 3427 650 3496 RSV,
672 3419 825 3503 Ἑρρόνιος
845 3429 877 3484 Α.
994 3430 1023 3482 2.
1044 3422 1163 3498 ἰατροῖς
1186 3423 1223 3480 R.

72 3521 101 3574 6.
120 3513 155 3574 δὲ
174 3513 207 3574 ἓν
226 3517 259 3586 8,
279 3511 306 3573 δ’
327 3513 359 3575 ἓν
378 3520 414 3586 R,
434 3513 466 3575 ἓν
485 3521 519 3576 Α.
596 3523 625 3577 7.
646 3515 833 3585 Παυσανίας
853 3512 879 3585 ς’
899 3519 946 3585 W,
966 3512 1154 3582 Παυσανίας
1172 3534 1224 3588 ..η

72 3609 104 3666 S.
124 3611 206 3666 locus
221 3618 265 3666 est
279 3615 361 3678 610,
376 3615 404 3668 8.
425 3612 473 3667 ubi
492 3609 587 3669 editur
603 3603 795 3683 Ἐπιδάμνιοι
816 3605 849 3666 δι’
862 3603 971 3684 χώραν
982 3604 1047 3682 μίν.
1125 3612 1173 3664 10.
1187 3604 1226 3683 τῇ

72 3701 126 3758 νῦν
143 3721 161 3760 e
181 3701 326 3760 Pausania
347 3702 489 3760 additum.
587 3707 633 3759 12.
653 3693 865 3774 Δυσπόντιοι]
886 3702 968 3759 Haec
987 3707 1171 3757 accesserunt
1190 3717 1226 3756 ex

72 3793 104 3850 S.
125 3795 252 3870 epitome
272 3795 326 3851 sic:
351 3784 563 3861 Δυσπόντιον,
589 3787 677 3862 πόλις
697 3788 849 3860 Πισαίας,
871 3785 931 3849 ἀπὸ
952 3788 1149 3849 Δυσποντιόυ
1170 3789 1226 3846 τοῦ

72 3880 224 3952 monog.
244 3877 279 3942 τό
300 3878 644 3953 ίθνικδνΔυσποντιός,
665 3879 725 3943 zan
739 3881 773 3942 δὲ
784 3876 1007 3951 Δυσποντιεός.
1083 3874 1225 3941 Δυσπόν-

70 3995 127 4033 του
146 3976 182 4045 Β,
202 3972 402 4034 Δυσποντίου
422 3977 497 4035 libri.
576 3978 622 4034 14.
643 3973 675 4034 ίν
695 3969 861 4051 ὀλυμπιάδι
882 3977 999 4034 seclusit
1017 3977 1057 4033 Μ.
1136 3966 1226 4046 15.β’

71 4069 214 4143 Bergkius
235 4067 396 4126 Comment.
417 4071 511 4127 crim
530 4089 560 4147 p.
575 4074 602 4136 9,
624 4062 652 4125 δ’
673 4069 704 4126 S.
726 4068 763 4126 cs.
783 4069 926 4127 Eusebius
947 4069 1054 4127 Chron.
1076 4088 1140 4125 ean.
1161 4067 1225 4124 Me·
1257 4066 1264 4084 ⁶

72 4158 142 4215 diol.
162 4163 239 4218 1818
258 4179 288 4237 p.
302 4161 373 4218 142:
392 4156 729 4243 ΔιυτίρηιἈντίμαχας
745 4155 865 4229 Ἠλεῖος
885 4153 1020 4220 στάδιον.
1099 4165 1146 4218 17.
1159 4168 1225 4216 aute
1298 4219 1302 4226 ,

67 4245 200 4309 Ἠλείων
212 4251 339 4329 Bergkio
359 4272 463 4311 nomen
483 4255 597 4312 victoris
617 4253 760 4312 excidisse
780 4253 901 4311 videtur.
923 4262 952 4311 at
971 4253 1094 4312 sonasse
1107 4245 1227 4318 Ἠλιῖος

72 4343 266 4412 scribendum,
296 4344 327 4401 id
352 4347 446 4422 ipsum
472 4355 502 4402 ut
526 4365 631 4406 nomen
657 4347 769 4402 victoris
790 4347 837 4404 sit.
862 4363 1002 4405 nectara
1023 4346 1085 4402 eius
1105 4345 1226 4402 nominis

71 4436 208 4514 exempla
228 4445 303 4496 sunt.
412 4433 611 4499 Δυσποντίου
632 4438 668 4508 B,
690 4431 877 4495 Δυσπόντου
897 4437 929 4496 S.
