2902 5070
750 273 824 347 212

110 491 114 497 ¹
213 455 358 547 Λαρίσῳ
379 461 426 545 τῷ
450 457 602 542 ποταμῷ.
641 454 773 540 λέγεται
795 455 850 520 καὶ
868 450 1008 536 Δόμιος,
1032 447 1078 531 ὡς
1094 449 1202 537 Βοίβη
1220 447 1371 535 Βοίβιος.

211 571 405 659 Ἀντίμαχος
433 572 469 644 ἐν
493 571 519 640 ε’
544 571 713 660 Θηβαΐδος

343 692 378 761 ἒν
398 692 439 761 δέ
460 716 498 759 νυ
519 696 608 758 τοῖσι
628 686 721 773 μάλα
743 685 906 777 πρόφρων
927 685 1105 778 ἐπίκουρος
1127 683 1301 776 ἆμορβίων

345 805 494 898 ὡμίλησ’,
524 808 602 889 εἵως
624 808 826 897 διιπέρσατε
847 800 980 888 Δόμιον
1002 798 1095 873 ι’ίστν.

190 953 203 991 ⁵
301 926 534 1006 Δόνόασον,
570 922 671 1004 πόλις
704 920 846 1010 Καρίας.
894 918 1112 1010 Ἀλέξανδρος
1145 919 1180 992 ἐν
1213 926 1261 1010 τῷ
1295 924 1374 1012 περὶ

216 1045 349 1137 Καρίας
369 1043 400 1130 β
433 1039 562 1139 ααὖθις
589 1041 623 1112 δ’
648 1043 706 1112 ἐπί
726 1039 904 1111 Δόνόασον
926 1040 983 1107 καί
1005 1038 1166 1108 Κόλανδοι
1188 1036 1371 1128 ὃρμῆσαι”.

216 1167 255 1234 τό
278 1163 416 1234 ἐθνικὸν
439 1158 632 1241 Διινόασεός
654 1156 701 1240 ὡς
721 1157 909 1248 Πηγασεός.

302 1286 523 1371 Δνρβαῖοι,
554 1277 655 1359 t‘evog
681 1283 834 1365 καθῆκον
861 1275 909 1357 εἰς
930 1275 1101 1364 Βόκτρους
1122 1277 1178 1344 καί
1198 1275 1259 1364 τήν
1276 1272 1372 1345 Ἰνδι-

219 1399 289 1490 κήν.
321 1395 471 1489 Κτησίας
493 1398 527 1466 ἒν
543 1401 717 1486 Περσικῶν
741 1392 762 1462 ι’
789 1390 899 1486 αχιόρη
922 1397 961 1464 ot
982 1395 1069 1482 πρός
1091 1391 1191 1462 αὐτόν
1212 1391 1371 1482 πρόσκει-

180 1543 206 1582 1⁰
218 1546 276 1588 ται
298 1523 480 1607 Δυρβαΐοι,
503 1515 588 1603 πρὸς
607 1515 667 1604 τὴν
689 1511 853 1602 Βακτρίην
875 1515 932 1580 καί
950 1510 1090 1602 Ἰνδικὴν
1111 1511 1369 1591 κατατείνοντος.

218 1630 314 1708 οὗτοι
335 1633 532 1719 εὐδαίμονες
553 1629 672 1722 ἄνδρες
693 1633 750 1700 καὶ
770 1627 932 1700 πλούσιοι
954 1635 1010 1701 καί
1032 1629 1136 1720 κάρτα
1154 1629 1282 1700 δίκαιοί
1297 1629 1372 1710 είσι,

218 1753 296 1827 σ”ιιτε
318 1753 507 1833 ἀδικέοντες
528 1746 605 1820 οίίτε
627 1747 901 1831 ἀποκτιννύοντες
926 1745 1111 1841 ἷίνθρωπον
1137 1746 1271 1818 οὐδένα.
1316 1747 1374 1816 ἒάν

218 1877 257 1947 ot
284 1904 317 1945 τι
347 1873 469 1965 εὕρωσι
498 1870 532 1938 ἐν
560 1873 602 1959 τῇ
630 1865 700 1956 ὁδῷ
728 1863 903 1957 ἢχρυσίον
931 1865 1108 1957 ἢίμότιον
1130 1863 1152 1956 ἢ
1175 1862 1372 1956 όργόριονῆ

219 1985 304 2060 όίλλο
324 2015 373 2071 τι,
401 1985 498 2058 οὐδὲν
525 1983 778 2076 ἅποκινήσειαν.
820 1977 915 2055 οὗτοι
942 1983 1019 2056 οἷίτε
1041 1984 1284 2073 όρτοποιέουσι
1306 1979 1371 2053 οὔτ’

182 2131 206 2170 1⁶
220 2105 378 2200 ἐσθίουσι
407 2101 483 2177 οίντε
514 2103 686 2190 νομίζουσι
716 2101 776 2173 ἑόν
804 2105 850 2195 μὴ
883 2103 962 2194 ἱρῶν
992 2104 1133 2173 οὕνεκεν.
1178 2099 1307 2193 όλφιτα
1337 2102 1383 2170 δὲ’

220 2372 296 2436 &151
314 2398 349 2435 νο
363 2379 404 2447 Μ,
424 2373 458 2435 (λε’
478 2375 517 2434 οὐ
532 2377 564 2435 S.
643 2371 807 2450 όμορβίιον
826 2375 936 2432 restitui
951 2375 1022 2432 exS
1043 2395 1096 2454 pro
1118 2376 1195 2434 edito
1217 2369 1374 2449 ιίμορβιῦν.

220 2472 261 2528 ita
281 2489 380 2529 carere
400 2472 468 2528 licet
486 2471 612 2528 Jacobsii
633 2469 672 2526 ad
691 2467 794 2526 Athen.
815 2488 845 2545 p.
865 2471 923 2527 258
949 2469 1112 2527 coniectura
1137 2469 1277 2525 immerito
1297 2465 1374 2522 criti·

221 2582 317 2620 eorum
350 2563 362 2638 (
370 2563 455 2620 etiam
489 2561 618 2621 Diibneri
650 2561 763 2638 Fragm.
795 2561 898 2618 Antim.
931 2580 961 2638 p.
982 2559 1038 2632 35)
1071 2560 1212 2638 applausu
1244 2566 1375 2635 excepta,

221 2649 363 2731 λπίοαρος
391 2646 548 2731 ιίμορβιῦν.
580 2657 696 2712 verbum
723 2647 871 2727 τίμορβεῖν
896 2671 949 2729 pro
976 2645 1159 2730 ιίμορβεόειν
1185 2653 1255 2710 satis
1281 2660 1376 2706 tuetur

222 2745 399 2820 Hesychius,
422 2738 597 2822 Ὀμορβεῖν·
620 2738 811 2802 ἀκολουθεῖν.
929 2746 956 2802 4.
978 2745 1123 2820 ιομιλησιε
1144 2739 1186 2813 ὡς
1205 2745 1241 2813 S,
1268 2737 1375 2816 ὡμιλη-

221 2855 322 2903 σαειος
341 2837 421 2904 editi,
442 2830 601 2912 ὡμίλησας
620 2832 662 2904 ὡς
678 2837 799 2904 Pinedo,
820 2828 979 2912 ὡμίλησας
998 2831 1056 2904 ἕως
1068 2839 1224 2895 lneobeiue.
1246 2838 1374 2894 scriben-

222 2929 289 2984 dnin
311 2939 372 2986 erat
393 2921 521 3004 ὡμίλησ’
536 2925 614 2996 εἵως,
637 2938 667 2984 nt
687 2929 724 2986 de
745 2949 776 2988 se
797 2930 860 3006 ipso
881 2929 1015 3005 loquatur
1035 2949 1119 3004 quem
1140 2930 1212 2987 haec
1233 2928 1375 2987 dicentem

221 3019 292 3076 fecit
311 3029 408 3097 poeta.
517 3023 545 3077 5.
566 3013 747 3092 Δόνόασον]
776 3021 855 3077 Haec
876 3022 965 3077 sectio
985 3022 1108 3078 accessit
1129 3039 1165 3078 ex
1184 3021 1216 3077 S.
1237 3021 1375 3097 epitome:

222 3103 399 3179 Δόνδασον,
421 3100 508 3176 πόλις
526 3104 659 3185 Καρίας,
679 3104 715 3167 τό
735 3106 860 3169 ε’θνικόν
879 3107 1072 3182 Δννιλασεός.
1181 3117 1209 3172 8.
1231 3107 1288 3188 τὴν
1308 3111 1375 3168 add.

222 3203 308 3261 Rsv.
386 3211 413 3262 tt.
429 3194 521 3279 χώρα
540 3202 614 3260 libri.
692 3208 778 3260 9.10.
792 3199 871 3279 πρὸς
890 3197 979 3262 νότον
998 3200 1175 3283 πρόσκειται
1196 3205 1231 3261 Β.
1252 3204 1376 3260 sortasse

217 3289 306 3374 χιόρῃ
333 3291 366 3353 tie*
392 3288 495 3352 αὐτῶν
519 3287 707 3371 προσκέαται
732 3292 900 3368 Δορβαῖοι.
1030 3303 1077 3356 10.
1097 3292 1175 3375 πρὸς
1200 3293 1296 3371 (tuit)
1322 3291 1378 3371 τὴν

226 3382 381 3462 Βακτρίην
407 3381 586 3460 (Βακτρίαν
612 3384 653 3460 S)
686 3381 737 3443 καί
766 3381 894 3464 Ἰνδικὴν
917 3386 1146 3456 κατατείνοντες
1177 3388 1246 3446 add.
1267 3389 1303 3457 S,
1329 3390 1378 3463 qui

222 3498 257 3536 en
277 3487 344 3555 post
364 3473 480 3534 δίκαιοί
496 3475 553 3535 ελσι
575 3476 669 3544 habet,
691 3479 766 3536 unde
787 3481 815 3537 in
836 3479 912 3538 hune
932 3483 1026 3539 locum
1047 3481 1190 3539 transtuli.
1269 3486 1316 3540 11.
1330 3463 1377 3537 οὗ·

222 3587 269 3626 τοι
290 3578 319 3626 et
338 3563 439 3646 κάρτα
459 3570 527 3627 add.
548 3571 581 3626 S.
666 3567 723 3628 ελσι
744 3571 813 3629 add.
834 3572 867 3631 S.
957 3580 1003 3632 12.
1025 3565 1095 3631 οότε
1116 3567 1288 3641 ἀδικέοντες
1308 3565 1377 3630 οὔτε

223 3653 474 3729 ἀποκτιννύοντες
494 3653 663 3742 ἄνθρωπον
682 3663 721 3731 Μ,
748 3657 817 3720 οὔτε
838 3657 1016 3734 ἀδικοῦντες
1035 3658 1104 3724 οότε
1126 3657 1378 3730 ἀποκτεννόοντες

223 3743 392 3828 ἄνθρωπον
405 3753 493 3822 ARV,
513 3737 598 3812 οὗτοι
619 3745 689 3812 οὕτε
710 3748 870 3813 ἀδικοῦσιν
890 3749 960 3814 οὔτε
982 3750 1238 3816 όποκτεννόοασιν
1258 3749 1378 3828 όνθριό·

223 3861 290 3900 πων
309 3844 341 3902 S.
426 3839 536 3904 οόόίνα
557 3847 627 3904 add.
649 3845 681 3903 S.
780 3852 885 3906 12.13.
901 3845 954 3907 ἐὰν
974 3845 1010 3907 tii
1027 3869 1055 3908 τι
1076 3851 1108 3918 S,
1128 3844 1182 3908 e'oiv
1203 3842 1233 3908 δ’
1250 3848 1339 3905 ARV.

224 3940 270 3994 13.
286 3932 417 4012 χρυσίον
437 3937 474 4005 S,
500 3928 519 4014 ἢ
537 3933 656 4015 χρυσὸν
676 3939 765 3997 ARV.
863 3929 882 4016 ἢ
904 3935 1026 4015 ίμιίτιον
1045 3933 1064 4017 ἢ
1086 3933 1233 4020 ιλργόριον
1256 3939 1325 3997 add.
1346 3939 1377 4007 S,

223 4047 324 4086 vereor
343 4047 381 4086 ne
401 4048 436 4086 ex
456 4031 688 4109 interpolatione.
767 4035 813 4092 14.
827 4026 917 4092 οὐδὲν
930 4027 1146 4109 ἀποκινήσειαν
1166 4043 1194 4090 et
1215 4044 1311 4090 cetera
1328 4053 1376 4089 us-

223 4140 279 4196 que
293 4121 331 4178 ad
345 4120 428 4178 finem
443 4123 579 4179 sectionis
594 4123 663 4180 add.
676 4123 707 4191 S,
729 4143 814 4200 quem
834 4125 940 4183 nollem
961 4126 1135 4201 neglexisset
1150 4126 1266 4183 Cteoine
1284 4125 1378 4182 editor

220 4211 486 4287 Heidelbergensis.
556 4206 629 4272 οὐδὲ
641 4205 680 4271 tir
696 4208 772 4273 αὐτὸ
787 4210 962 4291 κινήσειανλ
1041 4221 1087 4277 11.
1098 4224 1145 4276 15.
1157 4210 1219 4275 οὔτ’
1235 4208 1376 4274 ἐσθίουσι

221 4304 420 4381 interpolatori
453 4302 553 4360 deberi
585 4307 707 4365 videtur.
826 4314 871 4367 15.
893 4306 1037 4381 οἰνίζονσι
1062 4329 1117 4387 pro
1146 4305 1321 4383 νομίζουσιλ

220 4387 310 4470 ἱερῶν
328 4395 361 4452 S.
461 4384 580 4451 οὕνεκεν
599 4397 631 4466 S,
652 4395 760 4455 εἵνεκεν
780 4401 860 4458 editi.
