2866 5092
650 145 886 274 9,..

161 375 418 471 Ἀβρινάται,
447 380 615 450 Ποντικόν
641 377 755 460 ἔθνος.
796 374 877 450 ὁδί
896 377 1044 465 τεχνικός
1071 406 1156 474 φησι
1186 387 1243 455 καὶ
1291 367 1293 376 .
1369 391 1381 418 ‘

80 496 165 582 μετά
186 502 249 568 τοῦ
267 526 286 588 ρ
308 498 366 566 καὶ
385 499 484 589 χωρίς
503 501 565 568 τού
586 527 605 588 ρ
628 497 803 586 λέγεσθαι.
1354 553 1365 588 ,
1419 591 1421 598 y

157 611 318 708 Ἄβροι,
346 613 450 697 ἔθνος
479 615 566 705 πρός
585 620 633 706 τῷ
655 613 774 709 Ἀδρίρι
799 615 1048 702 Ταυλαντίνοιν,
1079 623 1242 711 προσεχὲς
1311 685 1314 692 ,
1349 597 1364 644 ί

44 775 51 788 ·
83 741 153 816 τοῖς
174 734 407 822 Χρλιδονίοις,
436 729 483 815 ὥς
505 729 690 816 Ἑκαταῖος.
732 732 913 825 βαρύνεται
939 738 979 807 δὲ
1006 733 1053 820 ὡς
1079 737 1240 830 Κίμβροι,
1347 745 1351 758 “

86 853 144 935 ούς
169 856 260 936 τινές
285 879 373 946 φασι
395 851 619 944 Κιμμερίους,
639 849 824 944 Σκόμβροι,
852 856 909 924 καί
932 847 1026 926 ούτοι
1048 853 1165 941 ἔθνος,
1194 855 1265 942 ὦςι

86 975 271 1062 Σοφοκλῆς.
767 1063 769 1067 ι

163 1087 419 1182 Ἀβρότονον.
469 1087 587 1171 Λύκος
620 1085 638 1159 ό
671 1085 818 1178 Ῥηγῖνος
846 1091 968 1181 χωρίον
1000 1093 1111 1164 οἴεται
1143 1089 1240 1183 εἶναι,

87 1207 245 1299 Στράβων
265 1212 305 1280 δδ
326 1207 361 1280 ἐν
382 1205 656 1298 ἑπτακαιδεκάτῳ
678 1209 801 1299 βιβλίῳ
822 1208 925 1282 πόλιν
940 1212 1032 1302 φησί,
1056 1214 1114 1283 καὶ
1130 1209 1240 1284 άλλοι.

89 1325 189 1410 πόλις
210 1325 532 1420 δίΛιβυφοινίκιυυ.
565 1331 718 1397 καλεῖται
740 1330 857 1398 δὲκαὶ
870 1327 1058 1415 Νιάπολις,
1080 1327 1240 1426 ιύςἜφο-

90 1474 157 1537 ρος.
198 1447 239 1518 τό
269 1446 406 1517 δθνικδν
429 1443 488 1516 ούκ
510 1443 601 1516 ἔστιν
623 1447 658 1515 όν
676 1444 806 1538 χρήσει,
836 1443 857 1538 ἡ
880 1449 974 1538 τέχνη
996 1447 1029 1518 δ’
1053 1451 1186 1520 ἐπινοεῖ
1205 1453 1244 1534 ἐξ
1254 1487 1281 1526 ιο

90 1562 298 1657 ὁμοιότητος.
334 1561 380 1649 ὧς
401 1566 464 1656 γάρ
478 1563 652 1651 ’Ἀθμονον
668 1562 857 1649 Ἀθμονεύς
877 1567 933 1636 καί
955 1564 1130 1658 Γάργαρον
1152 1577 1241 1659 Γαρ-

89 1682 206 1776 γαριύς
227 1688 285 1756 καί
299 1684 440 1757 Σούνιον
454 1679 613 1764 Σουνιεύς
634 1685 690 1753 καί
703 1682 856 1773 Σιγοιιύς
870 1688 929 1754 καὶ
941 1683 1058 1766 ’λλιεύς
1076 1687 1134 1754 καὶ
1148 1695 1241 1756 Λου-

90 1803 225 1886 κιονιούς
240 1807 298 1874 καί
310 1800 657 1886 Πανιικαπαιιύςκοιί
668 1799 877 1888 Δουλιχιεύς,
900 1801 1242 1896 σύτωςἎβροτονούς.

91 1920 108 1993 ό
130 1925 168 1994 δὲ
189 1929 257 1995 τῶν
278 1921 462 2013 οόδοτίρων
481 1921 588 2004 τύπος
609 1917 684 1992 ἔσθ’
708 1918 824 1990 ὅτιτὸ
847 1921 984 1993 ίθνικδν
1007 1925 1066 1992 διά
1084 1930 1146 1995 τού
1165 1929 1244 2018 η’γῖς

91 2036 1241 2136 ἔχει,ὧςΠέργαμονΠιργαμηνός,ιίμήόιπόθηλυκούτοῦΠέργαμος,
1254 2076 1280 2118 ιι
1346 2059 1351 2072 “

92 2158 136 2246 ὥς
157 2159 304 2248 Κύζικος
324 2157 521 2250 Κυζικηνός.
559 2155 699 2230 δυνατόν
720 2160 838 2228 δὲκαὶ
859 2159 896 2240 ἐξ
911 2156 1113 2250 Ἀβροτόνου
1135 2162 1244 2254 φάναι

92 2285 129 2353 τό
150 2279 299 2353 ἐθνικόν.
331 2280 444 2351 πολλὰ
465 2279 528 2369 γάρ
549 2283 699 2359 τοιαῦτα,
720 2273 868 2363 μάλιστα
889 2277 925 2346 ἐν
944 2285 1016 2360 τοῖς
1037 2278 1159 2370 δήμοις
1179 2290 1246 2353 τῶν

89 2400 287 2493 Ἀθηναίων,
305 2395 351 2482 ὡς
367 2397 406 2481 ἐξ
423 2395 507 2468 Οἴου
519 2393 663 2487 δημότης
679 2397 737 2466 καὶ
752 2393 788 2465 ἐκ
801 2398 934 2486 Κηδῶν,
952 2393 999 2479 ὥς
1016 2397 1244 2492 δειχθήσεται.

166 2515 337 2609 ’Ἄβυδον
363 2523 450 2610 τρεῖς
476 2512 608 2598 πόλεις.
652 2511 673 2604 ἡ
703 2510 782 2584 καθ’
809 2510 1057 2605 Ἑλλήσποντον
1082 2524 1149 2586 τῶν
1170 2528 1245 2588 Μι-

99 2640 215 2731 λησίων
231 2633 385 2720 όποικος,
409 2631 455 2717 ιύς
469 2631 651 2716 Διονύσιος
1258 2674 1285 2712 2„

218 2756 347 2846 Σηστδς
368 2752 437 2845 ὅπῃ
458 2749 674 2838 κάλ’Ἀβυδος
695 2747 844 2820 ἐναντίον
865 2748 968 2840 ὅρμον
989 2749 1121 2822 ἔθεντο.
1241 2805 1257 2820 ,.

99 2873 190 2967 καλή
213 2872 284 2944 κατ’
306 2870 486 2962 Αἴγυπτον
506 2877 573 2940 τῶν
595 2866 705 2940 αὐτῶν
726 2863 880 2953 ύίποικος,
903 2867 974 2941 άπό
991 2865 1137 2960 Ἀβύδου
1157 2871 1249 2959 τινός

99 2999 272 3087 κληθεῖσα,
301 2992 358 3060 καί
379 2987 399 3082 ἦ
422 2991 506 3060 κατὰ
528 2991 588 3079 τήν
605 2986 777 3077 Ἰαπυγίαν
799 2983 820 3080 ἢ
838 2987 996 3072 Ἰταλίαν,
1019 2984 1043 3080 δή
1064 2989 1248 3084 ούδιτίρως

98 3205 296 3220 ffl-

100 3347 125 3402 1.
143 3340 199 3402 ναί
215 3353 282 3402 ante
300 3334 379 3418 μετά
399 3361 456 3400 ουν.
476 3342 513 3400 R.
590 3346 618 3400 3.
633 3332 739 3416 Ἅβροι
759 3342 795 3410 R,
811 3332 924 3419 Ἄβρος
942 3339 1050 3420 APpV.
1070 3359 1174 3420 nomen
1194 3341 1250 3400 hoc

99 3453 133 3494 ex
147 3429 280 3514 Ἄμβροι
304 3445 469 3515 comptum
495 3434 585 3494 videri
609 3435 718 3492 monuit
742 3433 930 3492 Schubartus.
1031 3429 1246 3492 Ταυλαντίνιυι

99 3529 263 3598 salmasius,
286 3523 485 3586 Ταλαντίνιυν
503 3528 578 3586 libri.
600 3526 639 3584 es.
659 3526 742 3584 Anal.
762 3525 843 3584 Alex.
864 3546 894 3605 p.
916 3532 982 3586 110.
1080 3526 1109 3584 4.
1128 3530 1192 3596 τοῖς
1212 3528 1248 3596 X,

99 3621 140 3701 τῷ
158 3621 234 3680 libri.
322 3625 353 3682 8.
372 3611 622 3698 ἑπτακαιδεκάτῳ
639 3620 683 3698 (p.
694 3617 765 3688 835)
786 3619 840 3696 Pp,
860 3612 898 3686 ις’
910 3620 975 3689 RV,
995 3612 1200 3702 ύκκοιιδεκοίτηι
1213 3624 1247 3679 Α.

99 3721 126 3772 9.
148 3709 391 3793 Λυβιφοινίκιον
410 3713 446 3770 R
563 3716 610 3770 11.
632 3706 673 3779 ὡς
692 3706 744 3768 καί
763 3703 822 3787 γάρ
842 3711 897 3790 Pp,
917 3709 968 3770 καί
987 3704 1048 3790 γάρ
1068 3709 1172 3773 HRV.

99 3799 207 3882 γαρεύς
227 3825 245 3864 a
264 3825 302 3864 m.
322 3824 347 3864 ι.
367 3804 554 3864 interlineas
574 3806 610 3863 R.
709 3807 755 3862 12.
777 3798 896 3881 Σιγιεύς
914 3807 950 3864 R.
1047 3798 1252 3874 Λευκωνοιός

101 3899 206 3979 PpRV.
239 3898 416 3956 Leuconium
435 3898 547 3957 insulae
567 3917 671 3956 nomen
695 3894 773 3973 apud
795 3895 898 3953 Chium
919 3897 1054 3974 Thucyd.
1074 3903 1109 3968 8,
1126 3899 1173 3958 21.

101 3996 144 4051 15.
164 3985 223 4067 ίχει
244 4009 301 4048 om.
321 3990 358 4047 V.
446 3993 493 4048 18.
518 3986 593 4049 Οίου
614 3993 651 4058 Η,
672 3985 738 4047 σίου
759 3988 833 4047 libri.
918 3996 966 4050 20.
985 3983 1166 4065 Διονύσιος]
1186 3994 1251 4051 Pet.

102 4087 164 4144 516.
242 4088 291 4142 21.
312 4077 435 4157 Σηοτδς
453 4071 514 4161 ύπῃ
535 4103 591 4142 om.
607 4085 643 4152 R,
662 4073 784 4156 Σησῐός
804 4101 861 4140 om.
881 4084 918 4154 V,
939 4085 988 4162 qui
1008 4077 1087 4162 όρχη
1108 4103 1161 4161 pro
1182 4071 1252 4160 ύπῃ.

136 4168 254 4253 ύρυμον
274 4175 311 4244 V,
331 4169 432 4254 ἔρυμα
450 4173 519 4246 All,
539 4167 656 4253 όρημον
675 4177 711 4233 R.
807 4168 898 4234 ἔθετο
919 4179 954 4235 R.
1053 4180 1100 4232 22.
1119 4173 1182 4231 τῶν
1202 4167 1252 4229 αύ-
1308 4177 1342 4226 ἐκ

102 4271 159 4328 τῶν
179 4289 236 4329 ουν.
249 4269 313 4328 RV.
393 4271 440 4324 23.
460 4260 516 4344 τήν
536 4279 602 4347 post
622 4261 702 4327 κατά
723 4269 818 4327 om.R
833 4279 862 4328 et
874 4271 922 4347 qui
943 4270 1074 4328 lacunam
1095 4267 1204 4324 indicat
1214 4265 1252 4320 V.
