2888 5084
605 263 678 338 155

62 449 133 528 λον,
156 441 378 525 παλαίτατον,
403 440 462 528 οὔχ
482 437 529 525 ὡς
541 438 729 533 Ἡρόδοτος
749 441 818 514 ὑπὸ
834 442 1079 534 Σεμιράμιδος·
1101 443 1222 536 ταότης

62 565 124 655 γὰρ
148 557 190 653 ἦν
211 558 414 652 ἀρχαιοτέρα
435 559 523 634 ἔτεσι
542 563 665 648 χιλίοις
688 560 764 646 δόο,
788 559 834 645 ὡς
851 560 1026 656 Ἑρέννιος.
1071 563 1142 636 ἔστι
1164 568 1221 635 καί

62 684 96 752 δν
109 676 282 771 Αἰγύπτῳ
303 678 417 763 πόλις.
449 682 489 749 τδ
510 681 648 754 ίθνικόν
670 679 891 768 Βαβυλώνιος
912 685 969 753 καί
990 683 1221 772 Βαβυλωναός,

63 803 120 871 καὶ
140 796 339 886 Βαβαλωνίς
360 799 417 868 καί
439 800 641 886 Βαβυλωνία
660 803 703 870 τὰ
724 798 868 891 θηλυκά.

148 915 387 1006 Βαβντόκη,
409 914 513 1000 πόλις
532 919 696 1011 Περσική.
729 917 749 989 ὁ
772 918 913 1010 πολίτης
932 919 1179 1011 Βαβοτακηνός.
1234 943 1247 983 ⁵

151 1035 438 1127 Βαγαδαονία,
464 1045 567 1129 μοῖρα
588 1037 843 1120 Καππαδοκίας
864 1036 1058 1130 νοτιωτότη.
1100 1041 1221 1112 1639-

65 1159 159 1230 νικδν
179 1153 406 1248 Βαγαδόονες,
428 1151 475 1237 ὡς
496 1156 672 1242 Κατόονες
691 1165 752 1250 τῆς
772 1156 978 1240 Καταονίας.
1136 1149 1139 1156 ’

151 1275 403 1366 Βαγίστανα,
427 1272 530 1356 πόλις
550 1283 610 1367 τῆς
630 1277 780 1367 Μηδίας.
824 1278 881 1346 καί
903 1271 983 1366 όρος
1001 1276 1222 1368 Βαγίστανον.

64 1398 105 1468 τό
126 1397 266 1467 ἐθνικδν
285 1381 558 1486 Βαηίστανηνός.Ι

151 1511 319 1595 Βόδαως
339 1511 478 1596 πόλις,
499 1519 558 1604 τῆς
574 1512 773 1601 εὐδαίμονος
790 1513 951 1605 Ἀραβίας
966 1515 1001 1584 ἐν
1011 1519 1054 1608 τῇ
1070 1513 1223 1609 παραλίᾳ
1237 1549 1262 1588 ιο

66 1639 126 1724 τῆς
144 1630 311 1724 Ἐρυθρᾶς
332 1627 519 1720 θαλάσσης.
564 1630 583 1703 δ
607 1631 748 1726 οἰκήτωρ
771 1633 1044 1725 Βαδεωπολίτης.

151 1747 284 1834 Βόδιζ
289 1777 327 1833 α,
351 1747 454 1831 πόλις
474 1754 534 1840 τής
554 1751 732 1841 Βρεττίας,
755 1752 930 1839 Πολύβιος
948 1732 1223 1843 τρισκαιδεκάτῳ.

66 1871 106 1940 τό
128 1870 268 1941 ίδνικόν
288 1871 483 1954 Βαδιζαῖος.

152 1988 279 2074 Βαία,
302 1985 381 2081 όρος
401 1987 650 2080 Κεφαλληνίας,
673 1988 744 2060 όπδ
758 1989 868 2061 Βαίου
888 1988 1090 2083 κυβερνήτου
1106 1989 1224 2061 Ὀδυσ-

67 2111 164 2192 σίως.
206 2109 246 2179 τό
267 2109 406 2180 &eruar
425 2106 586 2200 Βαισίτης.
1237 2139 1261 2180 ιι
1300 2119 1302 2122 ’

153 2229 331 2319 Βαιόκη,
365 2225 468 2308 πόλις
497 2231 557 2317 τῆς
585 2227 753 2312 Χασνίας,
782 2225 967 2312 Ἑκαταῖος.
1014 2229 1054 2298 τδ
1086 2228 1224 2300 ίθνικδν

67 2354 268 2428 Βαιακαῖος.
303 2345 445 2417 δύναται
465 2349 524 2418 καὶ
542 2354 735 2429 Βαιακῐνος.
776 2340 913 2433 όίμεινον
933 2349 973 2418 τὸ
995 2351 1140 2438 πρῶτον.

152 2473 327 2553 Βαῑβαι,
349 2464 524 2550 πολίχνιον
542 2470 602 2556 τῆς
624 2465 766 2559 Καρίας.
810 2462 829 2536 ό
852 2465 993 2556 πολίτης
1013 2471 1191 2552 Βαιβαῖος.

153 2584 354 2668 Βαίκυλα,
376 2583 479 2667 πόλις
498 2583 642 2676 Ἰβηρίας
657 2586 743 2677 πρός
758 2591 833 2667 ταῖς
842 2582 1060 2676 Ἡρακλείαις
1075 2580 1225 2674 στήλαις.
1356 2647 1359 2656 .

66 2705 106 2774 τό
129 2703 269 2776 ίθνικδν
288 2702 485 2786 Βαικνλοός.
1237 2733 1264 2772 κο

153 2820 401 2916 Βαίσαμψα,
437 2820 539 2905 πόλις
570 2820 605 2892 ἐν
635 2825 681 2911 τῷ
708 2818 878 2912 Ἀραβικῷ
909 2817 1026 2911 κόλπῳ
1057 2824 1136 2915 περί
1165 2823 1227 2913 τήν

68 3221 96 3275 1.
118 3209 162 3283 ὡς
182 3235 238 3276 om.
259 3218 296 3274 V.
376 3210 561 3297 Ἡρόδοτος]
583 3217 696 3287 1,184.
784 3221 812 3274 2.
833 3214 877 3292 ᾳβ
894 3215 959 3284 RV,
974 3209 1086 3289 χιλίοις
1105 3207 1228 3274 δκτακα·

68 3306 150 3377 σίοις
164 3309 345 3368 Εατίαδιίοι.
418 3303 568 3389 Ἕρίννως
587 3311 642 3390 Pp,
658 3301 790 3386 Ἐρίνιος
809 3311 846 3380 V,
862 3302 1015 3387 Ἐρρίνιος
1030 3303 1105 3381 HR,
1122 3299 1229 3385 Ἐρρό-

68 3418 135 3469 νιος
153 3403 189 3459 Δ.
279 3402 309 3460 4.
328 3399 381 3460 καί
399 3399 589 3478 Βαβυλωνία
609 3398 661 3460 καί
681 3399 865 3477 Βαβαλωνίς
884 3403 921 3460 R.
1010 3404 1039 3459 7.
1059 3393 1230 3476 Βαγαδόον

69 3495 107 3554 V.
196 3494 254 3569 τῆς
272 3491 452 3564 Καταονίας
471 3513 528 3554 om.
549 3496 586 3553 V.
674 3500 705 3555 8.
724 3491 921 3572 Βαγίστανα]
942 3495 1051 3552 Totam
1070 3495 1229 3554 sectionem

69 3589 140 3648 add.
161 3585 312 3666 Ppffltv,
332 3589 389 3646 nisi
408 3589 488 3666 quod
507 3584 690 3665 Βαγίστανα
709 3580 797 3656 πόλις
816 3607 873 3646 om.
893 3589 929 3647 V.
1007 3581 1154 3663 Μηδείας
1171 3587 1209 3644 R.

68 3687 99 3742 9.
119 3673 355 3759 Βαγιστσνηνός
373 3681 409 3752 Β,
429 3671 625 3757 Βαγιστανός
643 3680 718 3739 libri.
739 3680 819 3759 apud
837 3679 925 3737 Diod.
946 3680 1066 3748 Sic.17,
1086 3683 1152 3737 110.
1172 3674 1230 3756 τὴν

67 3767 300 3850 ὀνομαζομένην
323 3765 528 3852 Βαγιστόμην
551 3764 824 3850 θεοπρεπεστότην
852 3791 885 3830 τε
912 3763 1021 3851 χώραν
1050 3757 1149 3829 οὖσαν
1178 3767 1230 3829 καί

70 3859 174 3944 πλήρη
201 3861 366 3944 καρπίμων
385 3861 535 3943 δένδρων,
561 3866 773 3941 Wesselingius
799 3885 872 3923 corr.
892 3856 1101 3940 Βαγιστόνην.
1131 3866 1229 3924 malim

70 3949 320 4036 Βαγιστανηνήν.
397 3963 444 4018 10.
459 3951 603 4034 Βόδεως]
622 3952 735 4019 Βαδιαλ
753 3957 876 4016 Ptolem.
887 3961 916 4017 6.
926 3961 956 4028 7,
969 3961 1001 4015 6:
1020 3953 1230 4016 Κασσανιτιῦν

65 4044 176 4129 χώρας
187 4044 303 4110 Βαδεὼ
316 4047 483 4125 βασίλεων,
505 4060 534 4110 et
548 4056 578 4120 8,
597 4055 645 4121 22,
665 4053 697 4110 4;
717 4045 786 4128 ἡδί
797 4046 910 4110 Βαδει)
926 4045 984 4127 τήν
999 4044 1145 4126 μεγίστην
1160 4042 1229 4126 ἡμέ-

69 4161 130 4220 ραν
148 4137 210 4220 ἕχει
230 4137 322 4222 ὡρῶν
341 4135 380 4222 ιγ’.
478 4149 525 4203 12.
546 4140 698 4217 Βρεττίας
718 4144 1018 4222 Schweighaeuserus,
1039 4137 1230 4219 Βρεττανίας

70 4237 147 4294 mm:
227 4229 388 4311 Πολύβιος
406 4237 470 4306 RV,
490 4211 536 4298 αδ
551 4233 594 4306 Π,
615 4236 674 4295 παλ
694 4255 758 4295 cum
778 4238 883 4296 lacuna
895 4239 929 4295 Α.
1008 4237 1055 4293 17.
1070 4229 1232 4308 Ἀβακΐνσς

70 4351 127 4410 pm
146 4328 318 4398 Βαιακῖνος
338 4327 439 4388 HRV.
518 4334 566 4390 18.
586 4326 709 4406 Βαιβαί
726 4331 762 4401 V,
782 4327 901 4406 Βαίβαι
921 4331 957 4388 R.
1037 4332 1084 4386 19.
1105 4321 1232 4402 στήλαις

71 4443 129 4484 om.
151 4425 189 4482 V.
288 4427 336 4482 21.
355 4419 550 4498 Βαίσαμιμα]
572 4423 635 4481 Hoc
654 4433 759 4484 tmema
779 4425 843 4483 libri
863 4433 930 4502 post
949 4421 1059 4487 Βαΐαις
1077 4418 1193 4478 habent.
