2888 5070
597 251 672 324 363

55 437 207 508 ἐκαλεῖτο
238 436 278 504 δὲ
307 433 363 502 καί
391 436 431 502 A
437 429 553 520 ίγαία
586 427 670 500 άπὸ.
686 427 881 520 Λίγαίωνος
906 433 967 498 τοῦ
995 427 1214 510 δυναστεύον-

56 583 128 638 τος,
156 550 215 644 ἀφ’
240 543 281 621 οὗ
303 553 359 620 καί
386 551 426 621 τό
453 549 602 635 πέλαγος
622 546 780 638 Αἰγαῖον.
823 547 895 646 iim
922 549 980 624 καί
1000 543 1215 638 Κάρυστος

54 676 162 756 τόπος
188 675 248 761 τῆς
269 668 402 759 Λίγυος
430 670 517 759 πρὸς
540 664 734 758 Ἀρκαδίαν,
764 665 823 758 ἀφ’
847 658 888 738 οὗ
909 664 1101 756 Καρύστιον
1121 659 1215 737 οἶνον

49 789 197 876 Ἀλκμάν
218 788 294 880 ἔφη,
315 788 410 858 καθά
431 784 591 876 Στράβων
611 782 745 876 δεκάτη.
786 787 1034 876 τήςπροιέρας
1054 785 1093 854 τό
1117 782 1213 866 im,

55 913 115 980 κόν
137 904 377 1000 Καρύστιος
381 905 415 974 ἐν
400 894 525 992 νηίτδ
554 901 716 990 λατόμιον
740 899 806 972 τῶν
827 902 1025 1074 Καρυστίων
1051 900 1211 976 κιόνων”.
1224 929 1238 969 ι

55 1031 114 1099 καί
140 1026 290 1115 θηλυκόν
309 1021 496 1114 Καρυστία.
938 1069 939 1072 ,

14 1187 20 1198 ·
143 1154 177 1215 Κ
183 1140 338 1233 αρχηδ
311 1169 363 1210 ων
363 1138 742 1232 ,μητρόπολιςΛιβάης,
751 1138 980 1230 διασημοτάτη
988 1069 1101 1224 πόλις.
1117 1091 1213 1214 Χαλ-

57 1262 166 1354 κηδοίν
181 1265 276 1332 δλ”
234 1289 293 1352 της
308 1258 475 1341 Βιθυνίας
491 1259 550 1329 διά
564 1283 625 1328 του
609 1263 689 1326 λκ.
722 1254 793 1328 άπο
782 1257 1025 1348 Καρχηδόνος
1043 1259 1212 1342 Φοίνικας.

57 1383 206 1454 ἐκαλεῖτο
234 1382 273 1449 δὲ
299 1405 416 1468 καινή
406 1375 564 1457 πόλις
584 1403 641 1444 και
632 1375 852 1462 Καδμεία
874 1379 947 1447 καί
956 1375 1139 1454 Οίνσυσῃα
1158 1381 1215 1450 καί

58 1498 261 1590 Κακκάβη.
293 1496 400 1587 τούτῳ
419 1497 456 1566 δὲ
476 1494 560 1604 καρὰ
576 1495 636 1582 τήν
653 1493 781 1564 οἰκείαν
797 1491 905 1565 αδτῶν
922 1499 1014 1578 λέξιν
1030 1498 1141 1570 ἵππου
1158 1525 1211 1567 κε·
1226 1533 1263 1572 ιο
1301 1569 1302 1572 ,

59 1620 151 1712 φαλή
168 1621 340 1708 δηλοῦται.
373 1613 446 1685 ι’ίστι
468 1615 507 1684 δὲ
528 1615 584 1682 καὶ
602 1607 686 1702 άλλη
704 1611 925 1705 Καρχηδαίν
943 1614 1046 1697 πόλις
1059 1613 1213 1708 Ἰβηρίας,
1320 1653 1321 1658 ι

58 1739 207 1809 ἐκαλεῖτο
235 1737 274 1812 δὲ
301 1735 358 1804 καί
380 1730 462 1822 αὐτή
486 1731 602 1821 καινή
627 1728 761 1816 πόλις.
804 1727 877 1800 ἔστι
898 1733 937 1802 δὲ
959 1735 1016 1802 καί
1037 1727 1213 1824 Ἀρμὲνίας

59 1853 295 1948 Καρχηδών,
318 1849 364 1934 ὡς
384 1847 578 1940 Είπρόπιός
599 1874 711 1940 φησιν.
750 1845 768 1919 ό
793 1848 934 1939 πολίτης
957 1848 1214 1945 αΚαρχηδόνιος

56 1975 168 2066 σοφός
190 1949 344 2062 Μάγων”
357 1969 427 2044 ,καί
450 1966 715 2063 αΚλειτόμαχος,
738 1963 757 2036 ὁ
781 1965 979 2060 Διογνήτου,
1003 1961 1041 2050 δς
1063 1969 1212 2042 ἐκαλεῖτο

50 2091 268 2182 Ἀσδρούβας,
292 2086 483 2181 φιλόσοφος
504 2083 742 2177 άκαδημαϊκός,
766 2083 924 2172 διάδοχος
939 2085 1138 2192 Καρνεάδου
1153 2095 1251 2180 τῆς-ιι

58 2208 396 2302 Κυρηναίυυοχολῆς,
419 2199 457 2286 λίς
472 2205 512 2297 ιιή
528 2205 610 2290 ἐτῶν
625 2205 739 2278 ίλθιίν
753 2205 924 2298 Ἀθήναζε
937 2200 1079 2298 άμοιρος
1093 2200 1134 2296 ἦν
1147 2199 1213 2278 τῶν

56 2329 201 2420 πρώτων
211 2325 383 2411 στοιχείων
393 2328 451 2393 καί
460 2330 567 2418 ταῦτα
578 2322 763 2412 μανθάνων
774 2322 963 2418 ἠκροάσατο
975 2324 1213 2416 Καρνεάδοο”.

146 2446 318 2528 Κάσιον,
342 2441 420 2536 ’όρος
440 2445 498 2514 καί
517 2441 620 2526 πόλις
640 2442 822 2534 Αἰγύπτου
843 2433 930 2534 πρὸς
950 2445 1214 2537 τιό-Πηλουσίῳ.

57 2564 186 2658 ἐκλήθη
209 2567 247 2635 δὲ
270 2562 341 2636 άιτδ
360 2570 420 2654 τῆς
434 2560 612 2643 Κυκλάδας
634 2559 736 2652 νήσου
759 2559 872 2652 ’ήάιιὸ
886 2559 1006 2638 Κάσαν
1025 2549 1087 2636 τοῦ
1102 2561 1213 2635 Κλεό-

55 2713 132 2772 χου,
163 2682 220 2777 ἀφ’
245 2676 286 2754 οὖ
312 2685 370 2753 καί
396 2681 529 2756 Κασίου
556 2682 644 2762 Διὸς
672 2677 772 2772 λαρόν.
817 2676 848 2770 ὁΙ
864 2680 1005 2770 πολίτης
1033 2681 1252 2774 Κασιάτηςιο

58 2803 106 2888 άις
132 2801 385 2893 Πηλουσιώτης,
418 2804 474 2872 καί
505 2801 654 2891 θηλυκόν
682 2801 871 2881 Κασιάίτις,
904 2800 962 2870 καὶ
991 2801 1031 2872 τὸ
1062 2803 1214 2890 κτητικδν

56 2917 288 3002 Κασιωτικός,
312 2917 369 3012 ἀφ’
392 2913 432 2991 οὗ
454 2922 488 2991 ἐν
509 2924 551 3012 τῇ
573 2917 737 3009 συνηθείᾳ
757 2919 799 2988 τά
821 2920 1019 2989 Κασιωτικά
1042 2917 1170 3010 ίμάτια.
1210 3015 1214 3020 ἡ

58 3192 86 3246 1.
98 3183 132 3244 δὲ
148 3185 217 3243 add.
229 3185 294 3244 RV.
371 3182 549 3264 Λίγαίωνος
562 3187 644 3244 Euat.
660 3186 700 3243 ad
712 3186 797 3243 Hom.
813 3203 844 3261 p.
855 3187 923 3253 281,
934 3188 962 3244 3.
979 3182 1126 3264 Αίγωνας
1137 3189 1213 3249 libri.

57 3285 87 3337 2.
101 3274 282 3354 Κάρυστος]
299 3274 330 3335 ἓν
343 3298 380 3357 τη
367 3279 567 3358 ’Λακωνικῇ
583 3279 710 3337 eStrab.
724 3277 842 3336 αδδΗΒ
920 3281 948 3335 4.
947 3272 1135 3388 δεκάτη]ρ.
1146 3283 1213 3340 446.
1275 3305 1280 3314 ·

57 3377 87 3432 5.
107 3364 287 3446 Καρόστιος
305 3370 370 3439 ΒΗ,
390 3368 574 3448 Καρυστίας
593 3372 667 3428 libri.
759 3389 783 3450 ῳ
771 3352 920 3439 Strabo,
940 3353 1088 3449 ¹vilibri.
1148 3378 1176 3433 8.
1196 3360 1216 3432 λ

57 3461 149 3524 καί
130 3485 148 3520 κ
168 3460 210 3520 Π.
328 3471 356 3524 9.
382 3460 519 3522 Οἰνουσα
538 3465 574 3534 R,
599 3457 756 3522 Οίνουσσα
776 3463 837 3532 AV,
858 3483 914 3522 om.
934 3463 1114 3542 Stephanum
1135 3486 1214 3528 com·

56 3558 153 3636 pilans
166 3555 297 3614 Euntatli.
310 3556 347 3614 ad
358 3557 444 3616 Dion.
456 3560 523 3616 195.
603 3562 647 3614 10
657 3548 804 3636 τοιίτωΧ,
818 3556 911 3615 τοῦτο
922 3556 996 3614 libri.
1076 3562 1121 3618 13.
1130 3555 1214 3638 Καρ-

54 3643 207 3727 χηδόνιος.
235 3641 466 3728 [Καρχηδόνιος
485 3637 536 3727 ἦν]
558 3644 656 3728 σοφος
676 3649 701 3706 Β
728 3658 757 3707 et
776 3649 928 3726 Menagius
954 3649 992 3708 ad
1012 3650 1096 3728 Diog.
1117 3652 1214 3712 [σιω.

56 3745 152 3814 467
174 3760 231 3818 quo
249 3762 308 3800 non
330 3762 403 3821 opus
424 3751 480 3810 est,
500 3752 531 3800 ut
551 3741 608 3800 alio
629 3742 693 3799 ioco
715 3743 811 3801 docui.
892 3744 938 3800 14.
949 3736 1075 3821 Μάγων
1095 3745 1218 3818 Wesse·¹

55 3853 127 3928 ling.
148 3852 187 3909 ad
208 3851 335 3910 Hierocl.
355 3871 385 3928 p.
406 3855 474 3919 691,
492 3827 588 3936 μέγας
607 3853 655 3920 R,
667 3846 764 3928 μίγας
783 3853 844 3910 AV.
872 3851 979 3910 sufficit
999 3852 1124 3912 fortasse
1143 3852 1221 3914 Md.

54 3961 124 4023 γας,
146 3943 223 4020 quod
245 3961 348 4002 nomen
369 3943 445 4004 idem
466 3963 531 4002 esse
547 3944 705 4002 videturne
718 3938 861 4020 Μάγων.
930 3936 1105 4022 Διογνήτου
1120 3945 1217 4024 [Καρ-

50 4027 224 4111 χηδόνιος]
245 4025 299 4103 ὃςί
377 4039 423 4096 15.
434 4036 490 4095 τοῦ
507 4055 564 4117 pro
584 4037 640 4112 τῆς
660 4037 697 4096 V.
719 4055 755 4094 an
776 4035 832 4111 τῆς
845 4029 1030 4108 Καρνεάδου
1045 4037 1102 4096 τοῦ
1115 4037 1218 4117 Κυρη-

55 4123 166 4186 ναίου7
244 4132 291 4187 16.
302 4125 379 4188 λτοίν
395 4129 458 4198 RV,
478 4123 536 4188 ἔτει
552 4133 585 4199 A,
606 4148 661 4188 οιο.
675 4125 719 4186 Π.
798 4133 844 4186 17.
856 4121 1079 4206 ἀκροάσασθαι
1100 4141 1167 4190 ante
1181 4131 1218 4190 B.

57 4226 105 4280 19.
116 4223 163 4278 20.
174 4213 327 4280 Ἀκάστου
347 4221 407 4280 τοῦ
419 4213 578 4297 Κλεοάχου
592 4223 628 4292 R,
648 4211 779 4284 Κάστον
801 4219 856 4280 τοῦ
870 4214 1009 4297 Κλεόχου
1023 4220 1066 4290 Π,
1087 4211 1217 4282 Κάστον

55 4311 116 4371 τοῦ
135 4307 295 4387 Κλεοόχου
313 4313 348 4383 V,
368 4305 480 4374 Κάσον
500 4313 557 4372 τοῦ
575 4305 760 4390 Κλεομάχου
777 4319 810 4373 A.
831 4307 1079 4382 ι1.ι.ν.Κάαος.
1098 4315 1218 4374 Cleochi

55 4422 164 4463 nomen
186 4407 213 4462 ἰιι
233 4405 340 4464 sabulis
361 4426 417 4464 non
440 4409 502 4466 sine
523 4408 666 4485 exemplo.
689 4429 713 4466 ν.
735 4409 825 4468 schol.
846 4409 943 4486 Apoll.
964 4407 1019 4466 Rh.
1041 4412 1068 4476 1,
1089 4411 1155 4466 187.
