2866 5092
635 283 682 356 15

156 455 372 550 Ἀγησσός,
403 457 506 540 πόλις
535 453 682 551 Θρηίκης,
709 456 756 542 ὡς
780 459 987 546 Θεόπομπος
1015 463 1050 532 ἐν
1076 487 1238 552 τεσσαρα-

79 585 180 670 κοστῇ
212 577 352 670 ἑβδόμη.
397 577 436 646 τό
464 577 600 648 ἐθνικόν
622 576 816 668 Ἀγήσσιος,
846 576 893 662 ὡς
914 577 1114 672 Ἀσσήσσιος
1148 590 1237 671 Ταρ-

78 695 232 786 τήσσιος,
269 695 317 779 ὥς
350 693 571 786 δειχθήσεται
605 698 640 768 ἐν
672 703 720 788 τῷ
753 700 832 788 περὶ
865 695 974 770 αὐτῶν
1006 698 1171 790 στοιχείῳ.
1213 694 1236 789 ἢ

75 812 278 906 Ἀγηασίτης,
299 811 346 897 ὥς
364 813 559 906 Ὀδησσίτης
580 816 639 886 διὰ
660 817 701 886 τό
724 813 899 903 όμοιθνές.

157 932 310 1023 Ἀγιον,
337 931 445 1018 τόπος
470 933 635 1018 Σκυθίας,
663 937 699 1006 ἐν
726 927 754 1026 ᾦ
776 935 980 1027 Ἀσκληπιός
1006 937 1157 1022 ἐτιμᾶτο,
1187 934 1258 1022 άςτ
1365 955 1382 994 .·

80 1052 289 1144 Πολυίστωρ.
643 1125 644 1128 ,
794 1099 796 1104 ·

153 1167 344 1261 Ἅγκαρα,
371 1169 473 1252 ττόλις
493 1168 651 1256 Ἰταλίας,
675 1168 720 1254 ὡς
736 1169 850 1244 Ἀντία
865 1169 994 1262 Ἀδρία.
1035 1176 1076 1246 τό
1097 1176 1234 1246 ίθνινὸν

79 1287 294 1380 Ἀγκαράτης,
318 1285 365 1370 ὦς
384 1288 559 1377 Πολύβιος
580 1287 695 1384 ὀγδόη.

153 1405 348 1500 Ἀγκυρα,
375 1406 478 1491 πόλις
500 1407 681 1490 Γαλατίας.
725 1405 758 1480 oi
789 1409 827 1480 di
852 1409 997 1498 Φρυγίας
1025 1408 1129 1501 σίντην
1150 1407 1232 1484 άνα.
1355 1451 1360 1464 ·

80 1525 274 1619 γράφουσιν.
309 1524 398 1598 ἔοικα
420 1524 454 1598 δ’
479 1521 537 1598 οὖν
559 1525 741 1619 [Φρυγίας]
765 1527 884 1596 διὰτὸ
906 1523 1106 1620 ἀμφοτέρων
1126 1523 1228 1600 εἶναι·
1243 1557 1269 1598 ιο

81 1649 238 1718 Γαλατῶν
263 1645 327 1735 γάρ
354 1639 440 1716 οὖσα
468 1642 591 1738 ὅμορός
615 1645 687 1714 ἐστι
707 1649 749 1734 τῇ
768 1643 897 1734 μεγάλη
925 1646 1063 1737 Φρυγίᾳ.
1108 1646 1141 1718 oi
1167 1649 1229 1740 γάρ

80 1758 146 1834 duo
161 1766 330 1854 Κελτικῆς
344 1761 508 1846 Γαλάται,
531 1758 578 1845 ὡς
593 1760 752 1854 Στράβων
774 1763 858 1853 φησί
874 1759 1072 1853 δωδεκάτῳ,
1085 1763 1133 1848 τίς
1152 1763 1231 1836 τού-

79 1907 151 1964 τους
172 1883 405 1973 πλανηθέντες
423 1883 504 1964 τούς
523 1879 651 1966 τόπους
670 1886 837 1972 τριμεροῖς
857 1905 894 1950 τι
915 1877 1088 1970 γινόμενοι
1109 1881 1157 1968 τίς
1174 1910 1231 1956 το.

80 1999 200 2084 ταύτας
232 2000 354 2092 μοίρας
389 1999 597 2085 διενείμαντο
625 2000 685 2092 την
709 1997 831 2093 χώραν.
870 1998 1102 2084 Ἀπολλώνιος
1130 2004 1168 2074 δι’
1195 2004 1230 2072 ἐν
1284 2033 1285 2038 “

80 2117 344 2211 ίτττακαιδτκάτη
377 2124 536 2211 Καρικῶν
570 2117 695 2210 ίστορτῖ
725 2117 931 2210 Μιθριδάτῃ
969 2122 1026 2192 καὶ
1050 2117 1227 2212 Ἀριοβαρ-
1240 2147 1266 2188 α

78 2423 128 2479 την
153 2399 314 2482 συλλαβὴν
338 2399 400 2480 ίχοι
425 2399 515 2480 (iga)
540 2395 677 2482 μακράν,
708 2395 818 2482 πιμελή
847 2399 883 2464 τό
908 2400 1008 2475 λίπος,
1034 2403 1085 2465 καί
1108 2401 1144 2467 τό
1163 2401 1228 2485 Ἀγ·

78 2487 143 2573 γιλή
162 2493 215 2555 καί
234 2491 381 2575 Πιντελή.
464 2503 492 2558 2.
506 2489 648 2574 Ἀγήσιος
666 2498 730 2558 RV.
808 2490 864 2574 ὡς]
883 2494 939 2558 καί
954 2500 991 2558 R.
1065 2493 1229 2576 Ἀσσήσιος

79 2588 149 2646 libri.
242 2583 439 2669 Ταρτήσσιος
458 2609 514 2647 om.
535 2591 571 2648 R.
655 2594 682 2647 3.
704 2583 806 2649 αὐτῶν
827 2586 966 2669 στοιχείῳ
989 2588 1136 2670 (ολκιίῳλ)
1158 2593 1227 2650 add.

80 2681 141 2738 eod.
161 2682 229 2739 Par.
251 2682 332 2760 apud
349 2683 503 2742 minorum.
601 2687 629 2740 5.
645 2671 746 2758 Ἀγιον
767 2674 858 2758 όροςλ
877 2699 903 2738 v.
925 2683 955 2737 in
979 2677 1195 2759 Ψευδαρτάκη.

78 2777 105 2832 7.
117 2765 268 2852 Ἀγκαρα]
294 2775 373 2834 Noto
396 2785 441 2836 αντ
459 2777 583 2834 λαοατία
610 2774 679 2841 dea,
707 2774 744 2832 de
771 2791 828 2848 qua
847 2773 999 2830 Roinesiuo
1020 2775 1109 2832 lusor.
1130 2779 1157 2847 2,
1177 2783 1226 2838 23.

79 2877 142 2924 noto
166 2867 235 2926 item
258 2866 404 2926 Ancharia
427 2867 537 2928 familia
557 2884 574 2924 o
595 2865 715 2933 Quintil.
735 2866 768 2933 4,
790 2869 821 2931 1,
841 2864 888 2923 47.
913 2876 942 2922 τα
967 2866 1003 2925 do
1023 2869 1135 2926 Ancora
1156 2873 1228 2930 υιίια

78 2957 144 3016 nihii
157 2969 345 3038 compertum.
365 2959 421 3016 hoo
433 2977 520 3018 unum
536 2967 643 3016 oenum
659 2957 780 3026 videtur,
801 2959 982 3018 scribendum
998 2980 1063 3022 esse
1077 2953 1226 3038 Ἀγκαρία

78 3043 332 3130 ιιἈγκαριάτης,
354 3062 385 3110 ut
405 3051 490 3110 docet
509 3051 686 3128 comparatio
706 3070 770 3108 oum
782 3041 888 3108 Ἀντία
907 3062 936 3109 οι
948 3045 1067 3128 Ἀδρία.
1089 3056 1130 3114 ita
1150 3058 1226 3114 enim

78 3145 255 3204 scabendum
284 3154 347 3204 erat
375 3163 429 3222 pro
447 3135 553 3202 ’Ἀντια
579 3132 714 3218 (Ἀντινα
738 3139 779 3214 V)
805 3151 834 3198 et
851 3133 970 3216 Ἀδρια.
1011 3144 1048 3202 de
1073 3151 1165 3206 verbio
1190 3143 1225 3206 τδ

76 3230 195 3298 ίθνιιιδν
216 3229 409 3314 Ἀγααράτης
437 3245 599 3316 postremos
629 3245 739 3294 tontum
768 3233 866 3290 literas
891 3251 946 3306 της
971 3233 1078 3292 habent
1101 3237 1166 3298 RV.

76 3335 101 3386 11.
119 3324 279 3398 Γαλατίας
297 3329 400 3388 lacuna
419 3329 547 3390 indicata
567 3347 622 3386 om.
642 3325 706 3386 RV.
805 3330 851 3384 10.
871 3315 948 3382 ίόικέ
969 3319 1000 3381 δ’
1017 3313 1072 3384 οὖν
1093 3324 1226 3398 Ηυικε

76 3417 105 3478 δ’
124 3411 200 3480 ιλναι
219 3421 254 3490 λ,
273 3415 351 3480 ίοικε
369 3417 405 3480 δί
423 3422 459 3490 R.
476 3415 554 3482 λὀικε
574 3412 606 3480 δ’
626 3410 702 3478 εἶναι
722 3413 777 3476 καί
795 3417 967 3476 Gronoviuo.
1086 3419 1226 3501 Φρυγίας

75 3531 126 3572 αυτ.
151 3515 217 3576 RV.
248 3509 300 3574 διά
329 3509 366 3574 τό
391 3507 577 3592 άμῳοτίρων
602 3501 713 3589 [όριον]
739 3500 836 3568 sivae?
971 3517 1016 3570 12.
1043 3507 1223 3597 δωδεκάτῳ]

74 3609 188 3682 osez
316 3612 365 3670 13.
395 3626 504 3684 τρι...
529 3623 562 3662 τε
586 3596 739 3681 γενόμενοι
769 3603 833 3662 RV.
961 3609 1008 3664 15.
1034 3602 1225 3688 Μιθριδάτῃ

73 3693 121 3755 καί
139 3691 365 3777 Ἀριοβαρζάνῃ
389 3690 539 3775 νεήλυδας
558 3692 630 3765 τοὺς
649 3686 795 3761 Γαλάτας
816 3695 992 3766 Gronovius,
1016 3693 1225 3778 Μιθριδάτην

72 3786 120 3846 καί
145 3783 388 3868 Ἀριοβαρζάνην
418 3782 567 3866 νεήλυδας
597 3779 763 3864 (ντήλυτας
788 3783 840 3862 II)
871 3791 934 3857 τοῖς
963 3786 1119 3862 Γαλάταις
1149 3795 1222 3855 libri.

72 3883 284 3960 corruptissime
302 3883 398 3958 Etym.
418 3884 458 3940 M.
477 3903 508 3960 p.
529 3881 601 3950 184,
621 3883 658 3938 36
678 3871 821 3958 Ἀγκυρα,
843 3872 930 3948 πόλις
951 3879 1120 3952 Γαλατίας,
1140 3879 1169 3942 oi
1190 3881 1224 3942 δὲ

74 3969 220 4052 Φρυγίας.
252 3970 373 4049 ίστορτΐ
398 3965 603 4051 Μιθριδάτης
633 3969 684 4028 καί
708 3964 949 4050 Ἀριοβαρζάνης
981 3967 1129 4051 νεήλυδας
1159 3982 1223 4046 τοῖς

72 4058 226 4133 Γαλάταις
245 4059 512 4142 συμμαχήσαντας
531 4058 644 4134 διώξας
664 4059 737 4130 τοδς
756 4057 816 4122 ὑπὸ
837 4059 1035 4139 Πτολεμαίου
1056 4063 1224 4138 σταλίντας

69 4153 260 4234 Αίγυατίους
280 4151 351 4236 άχρι
370 4151 545 4232 θαλάσσης,
567 4152 617 4213 καί
637 4149 744 4228 λαβὼν
763 4150 820 4222 τὰς
840 4148 975 4234 ἀγκύρας
994 4159 1056 4216 τῶν
1076 4161 1151 4218 νεῶν
1170 4154 1222 4218 αὖ·

69 4249 126 4306 τῶν
149 4248 202 4309 καί
227 4245 347 4324 μισθὸν
373 4250 427 4324 τῆς
453 4245 536 4324 νίκης
560 4244 602 4315 τίς
626 4241 777 4320 πολισμὸν
802 4243 876 4315 δοὺς
900 4243 1010 4324 χώραν
1039 4245 1140 4308 κτίσαι
1170 4246 1221 4308 καί

69 4331 217 4416 ὀνομάσαι
230 4334 339 4411 οὕτως.
362 4342 400 4400 δι.
413 4360 444 4398 re
462 4341 525 4398 vide
536 4341 716 4414 Droyoenum
730 4338 758 4393 in
774 4335 891 4413 Bergiii
907 4349 936 4398 ot
950 4341 1085 4400 Caesaris
1097 4341 1220 4420 Ephem.

69 4431 162 4506 philol.
185 4439 213 4502 1,
234 4453 264 4510 p.
285 4437 332 4491 57.
