2866 5092
5 349 7 416 1

5 449 8 538 i
70 455 99 525 ἒν
123 455 230 545 τρίτη.
275 455 323 540 τό,
346 457 494 544 θηλυκόν
522 455 581 526 ἐπὶ
607 463 667 548 τῆς
685 455 794 545 χώρας
813 455 963 548 Ἀγραία.
1007 460 1163 547 λέγονται
1185 465 1224 533 δὲ

624 279 668 351 21

5 555 9 686 λ
71 579 119 642 ναί
135 572 303 662 Ἀγραεῖς,
327 569 374 653 ῶς
392 571 647 664 Ἐρατοσθένης.

143 690 359 782 Ἀγραυλή,
382 697 490 782 δῆμος
505 691 670 784 Ἀθήνησι
685 699 745 782 τῆς
757 691 972 785 Ἐρεχθηίδος
988 699 1107 787 φυλῆς.
1133 699 1222 777 τινὲς

70 813 101 880 δὲ
116 807 261 899 ’Λγρυλή
283 808 471 902 γράφουσιν
492 805 571 879 ἀνευ
591 818 651 879 τοῦ
673 817 706 894 ἅ,
727 809 944 902 Ἀγρυλῆθεν.
988 815 1087 883 θέλει
1115 815 1153 884 δι’
1179 816 1220 884 τό

69 925 183 998 ᾶάπό
207 925 394 1018 Ἀγραύλου
422 934 482 1019 τῆς
511 933 688 1022 Κέκροπος
722 929 900 1019 θυγατρός.
944 939 1031 1021 τρεῖς
1063 934 1102 1001 δὲ
1133 925 1244 1021 ἦσαντ

68 1046 132 1116 ἀπὸ
161 1053 230 1115 τῶν
260 1044 430 1129 αὐξόντων
455 1049 533 1128 τούς
560 1049 710 1137 καρποδς
739 1045 991 1136 ὠνομασμέναι,
1019 1048 1219 1141 Πάνδροσος

62 1167 154 1257 Ἕρση
174 1161 372 1255 Ἄγραυλος.
418 1164 489 1236 ἔστι
518 1169 556 1236 δὲ
585 1167 643 1235 καὶ
669 1165 771 1248 πόλις
792 1166 985 1258 Ἀθηναίων
1011 1164 1156 1248 ἀποικος
1184 1170 1219 1238 ἐν

67 1290 188 1376 Σαρδοῖ
205 1283 278 1353 άπδ
300 1287 361 1352 τοῦ
382 1282 489 1373 δήμου
512 1287 676 1373 κληθεῖσα
698 1283 850 1377 Ἀγρυλή.
890 1285 909 1357 ό
933 1285 1077 1376 δημότης
1099 1285 1216 1376 Ἀγρυ-

68 1401 145 1485 λεός,
167 1405 225 1471 καί
242 1399 449 1490 Ἀγρυλῆθεν
464 1404 499 1472 ἐκ
514 1401 632 1484 τόπου,
656 1403 703 1484 είς
720 1403 827 1474 τόπον
844 1403 1052 1496 Ἀγρυλήνδε.
1085 1405 1217 1489 δέχεται

67 1525 99 1592 δὲ
119 1521 181 1591 δόο
202 1519 342 1602 τύπους.
361 1577 363 1580 .
379 1523 436 1590 καί
457 1523 492 1590 ἐν
511 1520 606 1610 τόπῳ
623 1519 813 1613 Ἀγρυλῆσι.
1228 1553 1254 1591 ιο
1305 1505 1306 1508 ¹

135 1637 271 1731 Ἄγρη,
293 1637 396 1722 πόλις
410 1640 557 1721 Λυδίας.
585 1638 798 1732 Ἡρωδιανὸς
819 1641 854 1711 ἐν
876 1639 1058 1730 δωδεκάτῃ.
1091 1643 1130 1708 τό
1152 1640 1215 1710 ἐθ-

69 1762 150 1832 νικδν
169 1757 342 1848 Ἀγραῖος,
365 1756 412 1841 ῶς
426 1757 612 1846 Ἀστραῖος.

136 1875 177 1946 ’Λ
183 1878 298 1967 γρίαι
305 1931 315 1960 ,
344 1875 538 1967 ἀρσενικῶς,
561 1875 664 1960 ἔθνος
684 1878 853 1958 Παιονίας
873 1875 998 1962 μεταξὺ
1018 1876 1137 1960 Αἵμου
1158 1880 1216 1945 καί
1263 1929 1264 1932 ,

62 1993 228 2086 Ῥοδόπης.
262 1997 357 2086 παρὰ
375 1995 537 2086 Πολυβίῳ
559 1998 597 2066 δὲ
618 1997 677 2065 διά
699 2004 759 2066 τοῦ
780 1999 811 2066 ἇ.
844 1993 969 2086 εὑρέθη
992 1995 1030 2063 δὲ
1051 1996 1086 2064 ἐν
1108 1993 1212 2064 όντω-

65 2115 237 2207 κοιδεκάτη
259 2118 322 2210 «τό
337 2116 399 2207 γάρ
414 2121 480 2184 τῶν
488 2113 638 2205 Ἀγραῶν
652 2114 792 2198 ἔθνος”.
823 2119 977 2206 λέγονται
992 2117 1049 2182 καὶ
1059 2112 1211 2204 Ἀγράιοι
1225 2143 1249 2182 τε
1311 2117 1313 2122 ’

64 2233 347 2326 τετρασυλλάβως,
376 2237 434 2302 καί
454 2231 612 2325 Ἀγριεῖς,
641 2230 687 2316 ῶς
717 2232 934 2320 Θεόπομπος.
978 2235 1035 2301 καί
1061 2237 1212 2323 κτητικδν

60 2353 214 2443 Ἀγριιτόν.
248 2354 402 2442 λέγονται
423 2356 480 2421 καὶ
498 2350 676 2444 Ἀγριᾶνες,
700 2349 745 2435 ῶς
766 2355 800 2422 ἐν
821 2359 868 2442 τῷ
885 2349 1113 2440 ἐπιγράμματι
1131 2380 1211 2443 γρα-

65 2477 151 2564 φέντι
175 2473 224 2554 είς
245 2471 488 2558 Νεοπτόλεμον
509 2473 656 2561 Πισίδην
683 2471 788 2552 οὕτως

139 2591 208 2678 εἰμὶ
228 2588 470 2677 Νεοπτόλεμος
492 2597 656 2681 Κρεσσοῦ,
677 2577 820 2681 τρισσῶν
842 2586 875 2657 δ’
900 2586 942 2656 ἕν’
966 2581 1123 2680 ἀδελφῶν

181 2708 327 2780 ἕστασαν
353 2714 492 2790 Τλιυεῒς,
514 2713 615 2790 κῦδος
636 2709 716 2795 ε’μόν
738 2707 896 2798 δόρατος·
1221 2730 1248 2768 το

140 2827 272 2898 οὕνεκεν
294 2825 341 2896 ῶν
360 2828 510 2910 Πισίδας
531 2829 588 2897 καὶ
608 2826 762 2907 Παίονας
782 2823 839 2916 ἠδ’
857 2823 1035 2914 Ἀγριᾶνας

181 2948 238 3014 καὶ
262 2945 417 3028 Γαλάτας
437 2945 579 3029 τόσσους
600 2943 761 3026 ἀντιάσας
781 2942 935 3035 στόρεσα.

62 3065 95 3132 τὸ
115 3065 266 3152 κτητικδν
282 3061 500 3156 Ἀγριανικός,
524 3061 570 3147 ῶς
590 3061 713 3152 Χάραξ
732 3064 767 3132 ἐν
789 3063 932 3152 δευτέρην
951 3067 1121 3148 χρονικῶν.

61 3225 96 3232 ι..-
113 3227 122 3230 -
139 3223 254 3232 -.---.-

61 3309 84 3360 1.
101 3299 203 3380 τρίτη]
229 3321 294 3381 cap.
316 3307 382 3363 106.
405 3310 470 3364 111.
491 3304 556 3362 114.
678 3299 712 3361 δὲ
738 3321 793 3360 om.
819 3304 854 3359 R.
977 3301 1005 3356 9.
1032 3289 1207 3369 δίχεται-

59 3402 101 3454 10.
114 3389 280 3471 Ἀγρυλῆσι
300 3397 468 3454 exciderunt
488 3398 516 3453 in
537 3397 574 3453 R.
652 3401 698 3454 10.
719 3389 834 3462 τόπους
853 3394 920 3451 Vat.
942 3390 1020 3470 apud
1040 3389 1078 3456 H,
1098 3377 1207 3452 τόνους

58 3489 136 3556 APv,
148 3479 265 3554 τόπους
275 3487 310 3543 Χ.
325 3489 481 3545 admonitio
495 3488 567 3546 haee
582 3489 744 3565 importuno
758 3490 821 3545 loco
833 3487 954 3565 repetita
969 3490 1081 3560 spectat
1098 3479 1135 3538 ad
1150 3479 1204 3534 du·

57 3580 155 3658 piicem
175 3579 298 3636 sormam
312 3573 444 3657 Ἀγρυλή
464 3590 493 3638 et
506 3572 671 3656 Ἀγραυλή.
750 3586 796 3638 11.
812 3576 843 3636 ἓν
863 3599 919 3636 om.
932 3578 967 3634 R.
1046 3563 1205 3648 δωδεκάτη

56 3673 91 3741 11,
115 3662 264 3748 ἑνδεκάτη
291 3673 364 3730 libri.
405 3691 451 3730 res
476 3673 554 3730 clara
579 3691 615 3730 ex
640 3673 743 3728 Aroad.
764 3692 793 3749 p.
814 3675 947 3740 113,18.
974 3667 1050 3726 adde
1072 3683 1146 3741 quae
1167 3664 1205 3721 od

57 3783 78 3821 ι,
92 3756 208 3836 Ἄσκρη
230 3763 401 3822 dictasunt.
479 3766 528 3823 14.
548 3760 633 3836 παρὰ
656 3759 820 3842 Πολυβίῳ]
842 3782 866 3820 τ.
886 3763 987 3836 Polyb.
1009 3759 1102 3816 Beki.
1121 3757 1205 3814 voi.2

56 3875 81 3933 p.
100 3859 167 3925 8⁵5,
189 3859 219 3912 7.
328 3853 381 3914 διὰ
400 3856 456 3916 τοῦ
476 3859 507 3914 isa
527 3857 564 3914 X.
674 3859 721 3914 15.
735 3847 875 3932 Ἀγραῶν
893 3854 1040 3928 Polybius,
1054 3844 1206 3926 Ἀγραίων

56 3949 123 4007 iibri.
202 3941 340 4026 Ἀγραῖσι
361 3969 414 4027 pro
432 3942 564 4026 Ἀγράισι
584 3952 620 4008 R.
700 3951 746 4004 16.
760 3939 910 4022 Ἀγράιεῖς
929 3945 965 4000 R.
1045 3947 1090 4002 19.
1109 3937 1136 3998 δ’
1157 3935 1203 4013 ἔμ’

55 4039 191 4120 Bergkius
212 4041 336 4118 Ephem.
358 4041 428 4119 phil.
451 4043 483 4099 ΙΙ.
505 4061 533 4119 p.
555 4046 620 4100 271.
708 4045 756 4098 20.
776 4032 912 4096 ἵστασαν
932 4037 968 4103 V,
988 4029 1125 4094 ἕστασαν
1143 4034 1204 4090 AR.

87 4133 163 4207 ἐμοῦ
183 4134 360 4190 Gronovius.
458 4139 505 4192 21.
526 4124 646 4190 οὕνεκεν
666 4123 709 4188 ῶν
728 4133 787 4210 Pp,
812 4123 975 4187 οὖνεκενιυν
995 4125 1098 4192 HRV,
1124 4143 1203 4181 ουνε-

55 4247 125 4284 ιειον
143 4225 211 4284 cod.
233 4225 336 4293 Salio..
362 4218 461 4283 οὖνε..
483 4228 515 4294 Α,
536 4216 631 4283 οὕνεκ’
654 4219 712 4300 Iyoi
732 4224 885 4300 Bergkius.
992 4215 1043 4276 καὶ
1063 4213 1204 4282 Παίυνας

54 4319 225 4386 Salmasius,
252 4311 304 4374 καί
327 4315 427 4383 ..ἀνές
446 4313 549 4386 HRV,
575 4313 625 4374 καὶ
646 4309 800 4395 Ἀγριᾶνες
820 4316 854 4371 Α.
970 4317 1018 4370 22.
1038 4299 1150 4374 minio
1171 4308 1205 4374 R.

54 4409 178 4480 τοσσοδς
200 4409 410 4476 Α11,τοσσοι”ς
432 4411 468 4468 Η.
557 4413 604 4467 23.
619 4400 776 4486 Ἀγριανός
797 4408 833 4464 V.
