2902 5070
770 239 843 314 νον
919 187 928 194 ’

313 427 343 490 Γ
348 414 628 505 αβαοόπολις,
650 415 753 501 πόλις
771 424 831 509 τῆς
851 417 1050 501 Γαλιλαίας.
1094 420 1134 489 τό
1157 416 1295 493 &drenow
1317 431 1390 494 Γα-

226 533 466 628 βαουπολίτης.
488 534 651 628 Ἰώσηπος
665 539 746 628 ἕκτῳ
759 535 943 629 Ἰουδαϊκῆς
957 533 1197 629 ἀρχαιολογίας
1212 537 1389 632 κΣάουλος

226 658 265 728 δὲ
287 655 336 739 είς
356 654 600 744 Γαβαοόπολιν
621 654 705 742 ἔχων
726 654 920 740 ἑξακοσίους
942 653 1068 748 ἦλθε.”

313 775 471 864 Γάββα,
493 773 598 858 πόλις
618 774 753 866 Συρίας.
792 778 832 847 τὸ
855 777 994 848 ἐθνικδν
1014 775 1200 867 Γαββηνός,
1223 773 1269 860 ὡς
1291 785 1389 848 Παυ-

200 893 346 978 ισανίας
372 895 466 988 φησί.

312 1010 486 1102 Γάβιοι,
509 1012 612 1096 πόλις
631 1011 805 1086 Λατίνων.
836 1015 876 1085 τό
898 1015 1036 1086 ἐθνικδν
1058 1021 1212 1104 Γαβῖται.
1246 1017 1388 1096 δυνατόν

227 1137 285 1204 καί
306 1133 465 1221 Γαβίους,
509 1128 556 1214 ὥς
578 1128 761 1215 Διονύσιος
781 1130 817 1204 ἓν
838 1131 985 1226 τετάρτῳ
1004 1130 1187 1224 Ῥωμαϊκῆς
1207 1130 1388 1225 ἀρχαιολο-

99 1341 101 1344 ,
228 1253 303 1345 γίας
324 1251 513 1346 ἀμφότερα.
1429 1236 1431 1240 ’

313 1369 461 1460 Γάγαι,
483 1366 585 1451 πόλις
599 1367 742 1452 Λυκίας,
765 1363 806 1462 ἣν
827 1373 886 1441 καί
902 1372 1063 1442 Παλαιὸν
1079 1379 1187 1456 τεῖχος
1204 1373 1262 1442 καί
1276 1369 1389 1464 χώραν

188 1523 216 1562 ιο
229 1492 330 1584 φησίν
345 1487 564 1577 Ἀλέξανδρος
586 1488 621 1556 ἐν
642 1485 759 1579 πρώτη
781 1496 976 1560 Λυκιακῶν.
1012 1491 1052 1561 τό
1070 1489 1212 1562 ἀθυικδν
1228 1498 1387 1581 Γαγαῖος.

311 1607 488 1700 Γάγγρα,
516 1605 619 1689 πόλις
641 1608 925 1698 [Παφλαγονίας],
954 1611 1120 1698 θηλυκῶς.
1163 1604 1204 1701 ἢν
1229 1609 1387 1693 Ἀλέξαν-

227 1735 306 1824 δρος
334 1731 369 1801 δν
396 1733 443 1819 τῷ
469 1730 548 1817 περί
574 1725 821 1818 Παφλαγονίας
849 1722 1037 1820 ἀναγράφει
1066 1732 1171 1820 λέγων
1198 1727 1305 1812 οὕτως
1333 1728 1389 1799 ότι

230 1843 485 1945 κΝικόστρατός
507 1870 610 1937 φησιν
631 1843 777 1914 αἰπόλον
798 1847 910 1932 νέμειν
932 1849 1012 1940 περὶ
1032 1849 1111 1930 τούς
1131 1845 1259 1930 τόπους
1275 1842 1386 1938 αἶγας.

228 1965 310 2053 μίαν
332 1968 370 2036 δὲ
389 1964 621 2056 χωριζομένην,
645 1960 785 2056 ἀπορῶν
807 1960 825 2034 ό
846 1961 998 2050 αίπόλσς,
1022 1965 1076 2038 ότι
1097 1968 1133 2038 ἐν
1152 1969 1215 2053 μὲν
1235 1971 1282 2058 τῷ
1304 1965 1386 2057 οἴκῳ

190 2117 216 2156 ιε
230 2083 329 2156 ἀνδεᾶ
348 2084 517 2174 ηὕρισκεν,
546 2080 605 2154 ἐπὶ
626 2087 685 2172 τῆς
706 2089 809 2175 νομῆς
830 2085 869 2155 δὲ
890 2083 1016 2177 πλήρη,
1044 2084 1241 2176 ὡμολόγησε
1261 2091 1309 2177 τῷ
1332 2090 1387 2156 δε-

226 2201 349 2294 σπότῃ.
392 2200 412 2272 ὁ
440 2200 473 2271 δ’
498 2200 563 2294 ἔφη
590 2202 792 2296 ἐπιτηρῆσαι
819 2203 879 2292 τὴν
903 2205 1138 2295 χωριζομένην.
1182 2202 1387 2296 ἐπιτηρήσας

227 2317 286 2394 οὖν
309 2317 399 2392 είδεν
420 2319 481 2392 ἐπί
499 2347 574 2390 τινα
597 2317 730 2415 ὑψηλόν
751 2316 857 2406 όχθον
874 2318 1123 2410 ἀναβαίνουσαι
1138 2325 1195 2394 καί
1210 2321 1297 2417 πρός
1310 2352 1386 2394 τινα

226 2440 422 2536 πρόσβατον
443 2443 571 2534 πέτραν
591 2441 834 2533 πορευομένην,
861 2443 919 2510 καί
941 2440 1097 2512 κάτωθεν
1117 2440 1243 2535 ἐρίφων
1262 2445 1387 2534 βληχην

225 2557 382 2653 ἤκουσεν·
416 2562 485 2632 ἐκεῖ
517 2561 721 2650 συμβέβηκεν
751 2559 958 2662 &nstandai
984 2563 1045 2651 την
1074 2556 1163 2650 αὐγα.
1213 2559 1296 2631 idcir
1328 2557 1386 2633 οὖν

187 2679 422 2771 εοίπιτήδειον
448 2677 556 2751 τόπον
582 2676 686 2750 πόλιν
714 2675 823 2747 ἔκτισε
851 2679 908 2748 καί
934 2676 1089 2774 Γάγγραν
1115 2675 1303 2764 ὠνόμασεν,
1332 2681 1386 2750 ὅτι

225 2805 324 2870 τοῦτο
359 2795 399 2891 ἦν
430 2795 537 2886 όνομα
563 2804 606 2890 τῇ
633 2794 740 2887 αίγί”.
779 2793 1026 2889 Ἐρατοσθένης
1059 2801 1098 2870 δὲ
1131 2797 1313 2891 οὐδετέρως
1342 2800 1384 2868 τά

226 2917 361 3009 Γάγγρα
382 2917 481 3009 φησί,
503 2919 561 2987 καί
574 2915 762 3009 Ἀθήναιος
782 2915 818 2984 ἓν
839 2917 1132 3010 δειπνοσοφιστῶν
1152 2918 1245 3012 τρίτη
1269 2919 1384 3001 οὕτως.

225 3038 265 3106 τό
289 3036 425 3108 ἐδνικδν
447 3034 635 3125 Γαγγρηνός
656 3033 703 3117 ὥς
723 3031 924 3124 Βοστρηνός.
967 3033 1040 3105 ἔστι
1065 3039 1122 3107 καί
1145 3035 1307 3130 Ἀραβίας
1326 3044 1386 3130 τῆς

226 3152 428 3242 εὐδαίμονος
443 3135 595 3246 Τάγγρα
638 3156 678 3226 τό
705 3154 844 3226 ἐθνικόν
870 3157 924 3224 δεῖ
948 3163 979 3224 Γ
978 3143 1132 3248 αγγραῖοι
1160 3152 1207 3239 ὡς
1226 3164 1383 3245 Σαβαῖοι.

226 3365 429 3380 ω

223 3479 252 3534 2.
273 3469 364 3553 λ’κτῳ]
385 3491 410 3530 c.
430 3477 460 3531 7.
490 3473 538 3530 ubi
557 3471 663 3548 legitur
681 3465 823 3540 Σάουλος
843 3469 877 3532 δὲ
896 3469 939 3541 είς
958 3471 989 3530 Γ
987 3466 1096 3548 αβαιίν
1114 3468 1203 3532 πόλιν
1221 3469 1300 3550 ἔχων
1319 3473 1383 3549 ἐξα·

224 3564 348 3634 κοσίους
365 3556 436 3639 μεθ’
458 3557 572 3622 ἑαυτοῦ
590 3558 686 3639 μόνον
704 3549 767 3642 ἧκε.
885 3571 913 3624 3.
934 3559 1112 3635 ἑξακοσίους
1132 3568 1200 3626 add.
1220 3570 1256 3637 R,
1276 3571 1305 3628 in
1327 3590 1383 3648 quo

219 3652 251 3735 χ’
278 3660 425 3737 scriptum.
541 3657 570 3715 4.
591 3654 622 3713 Γ
620 3650 719 3732 άββα]
744 3658 855 3717 Eadem
882 3677 966 3734 quam
992 3678 1080 3737 supra
1105 3652 1197 3736 Γάβα
1223 3661 1305 3721 dixit.

224 3757 253 3810 6.
266 3749 296 3809 Γ
294 3749 400 3824 αβῖταν
421 3767 457 3808 ex
476 3751 546 3808 artis
566 3751 632 3827 lege
651 3751 714 3829 ipse
736 3749 818 3808 finxit
837 3750 1015 3829 Stephanus.
1093 3758 1122 3813 7.
1133 3746 1284 3834 τετάρτῳ]
1308 3760 1383 3817 ε.53

224 3845 346 3919 aliisque
365 3843 446 3900 locis.
525 3847 554 3902 8.
569 3835 746 3922 ἀμφότερα]
766 3843 907 3902 Pervenit
920 3845 994 3904 haee
1013 3848 1194 3926 epitomator.
1216 3847 1382 3925 Stephanus

224 3938 338 3994 dixerat
357 3935 420 3992 sine
440 3933 528 3991 dubio
549 3935 718 4011 Dionysium
742 3954 845 3994 nomen
872 3928 984 4011 Γάβιοι
1009 3949 1038 3998 et
1064 3939 1101 3998 de
1127 3943 1197 3998 urbe
1223 3949 1252 3997 et
1279 3940 1316 3999 de
1337 3944 1383 4000 in·

224 4029 294 4086 coiis
312 4026 430 4084 dixisse.
510 4023 687 4103 9.χωρίον“ί
766 4025 1050 4108 11.Παφλαγονίας
1070 4032 1191 4090 addM.
1270 4038 1318 4092 13.
1330 4034 1382 4092 Νι·

222 4114 408 4192 κόστρατος]
441 4117 517 4176 Vide
547 4138 635 4198 supra
664 4142 697 4200 p.
715 4126 782 4181 173.
917 4123 965 4181 14.
987 4120 1196 4203 χωριζομένην
1222 4117 1346 4201 [idaim

224 4215 271 4270 18.
291 4201 472 4284 πρόσβατοκ
492 4205 607 4287 πέτραν
627 4209 730 4288 HRV,
755 4206 936 4289 πρόσβατον
955 4217 1019 4275 sine
1039 4209 1155 4292 πέτραν
1173 4220 1208 4285 Α,
1227 4210 1327 4292 βάτον
1346 4220 1382 4276 X.

222 4291 484 4380 οηάπρόσβατον
503 4295 639 4379 udmari
737 4311 784 4364 19.
804 4301 889 4363 ἔπείλ
985 4298 1074 4384 αίγαν
1096 4309 1132 4367 R.
1231 4315 1278 4368 20.
1302 4305 1381 4383 [τόν]

220 4386 336 4452 minor?
411 4396 460 4452 22.
481 4389 583 4475 τρίτη]
603 4417 635 4475 p.
652 4401 690 4458 82
701 4417 726 4454 c.
