2888 5084
753 235 828 309 110

292 411 488 506 Ἅραφῆν,
512 417 618 504 δῆμος
632 411 799 503 Αἰγηίδος
815 417 933 504 φυλῆς.
967 412 985 484 ὁ
1002 413 1147 506 δημότης
1164 412 1371 506 Ἀραφῆνιος

213 537 270 602 καί
284 529 467 624 Ἀραφηνίς
482 529 642 621 θηλυκόν.
676 533 715 601 τό
731 534 873 602 τοπικόν
891 531 1125 624 Ἀραφηνόθεν
1141 533 1371 624 Ἀραφηνῆσιν

207 649 432 744 Ἀραφῆνάδε.
943 687 944 690 “

275 769 547 860 Ἀραχναῖον,
570 763 809 859 όροςἌρχους.
838 770 1057 856 Καλλίμαχος
1070 769 1203 840 Αἰτίων
1219 768 1252 839 ά.
1285 797 1372 861 προ-

188 889 465 979 ῡπερισιιαστὲον
498 888 552 957 δέ·
589 888 631 955 τό
663 889 726 980 γάρ
759 891 818 958 διὰ
846 894 907 959 τοῦ
936 896 1014 961 (ᾗόν
1042 886 1138 960 ἁπλᾶ
1167 887 1253 981 ὑπὲρ
1282 897 1372 979 τρεῖς

198 999 385 1094 συλλαβάς
406 1003 522 1091 ἔχοντα
539 1007 599 1096 τῆν
615 1004 773 1096 τετάρτην
795 1005 865 1078 ἀπὸ
887 1009 1005 1090 τέλους
1027 1008 1086 1078 διά
1106 1013 1168 1078 τοῦ
1191 1011 1212 1078 ἆ
1232 1009 1291 1077 καί
1310 1009 1370 1098 τῆν

214 1125 290 1216 ἑξῆς
317 1125 377 1196 διὰ
401 1130 462 1194 τοῦ
490 1128 511 1193 ἇ
538 1121 559 1215 ἢ
588 1125 647 1193 διό
673 1129 734 1193 τοῦ
759 1128 780 1193 ι“ι
806 1131 1115 1216 προπερισπάται,,
1131 1131 1371 1220 Χαλαστραῖον

213 1250 448 1333 Καναστραῖον
474 1240 684 1329 Ἀμυκλαῖον.
734 1241 934 1334 πρόσκειται
963 1241 996 1314 δ’
1027 1242 1123 1316 άπλιῖ
1144 1247 1211 1316 διὰ
1240 1247 1279 1316 τό
1309 1273 1370 1314 κα-

126 1411 131 1422 ·
211 1361 363 1452 τάχαιον.

176 1513 201 1552 ιο
293 1478 536 1571 Ἀραχωσία,
563 1480 667 1563 πόλις
689 1479 749 1551 οόκ
772 1477 916 1552 όπωθεν
936 1487 1187 1573 Μασσαγετῶν,
1209 1481 1371 1573 Στράβων

212 1599 385 1692 ἑνδεκάτῃ,
408 1597 476 1669 ὑπό
498 1597 715 1691 Σεμιράμεως
735 1607 928 1682 κτισθεῖσα,
950 1600 972 1691 ἥ
992 1627 1043 1684 τις
1064 1604 1120 1672 καί
1141 1599 1272 1692 Κωφῆν
1293 1603 1369 1671 ἐκα-

213 1726 314 1793 λεῖτο.
346 1718 383 1818 οῖ
404 1721 544 1789 πολῖται
565 1715 777 1808 Ἀραχώσιοι,
800 1725 860 1808 τῆς
882 1721 920 1790 όό
941 1723 1111 1811 Κωφῆνος
1132 1719 1325 1812 Κωφῆνιοι.

292 1837 528 1925 Ἀραχωτοί,
562 1835 664 1920 πόλις
691 1835 846 1928 Ἰνδικῆς,
880 1835 953 1909 οῖπό
979 1837 1171 1931 Ἀραχωτοῦ
1200 1847 1367 1927 ποταμοῦ,

212 1961 347 2050 ῥέοντος
368 1953 438 2026 άπὸ
461 1961 522 2025 τοῦ
536 1954 729 2038 Καυκάσου,
753 1953 799 2038 αῖς
817 1961 1013 2046 Φαβωρῖνος
1034 1960 1091 2027 καί
1103 1955 1263 2049 Στράβων
1278 1957 1368 2030 ῖνόε-

175 2107 199 2147 ιτ
212 2075 307 2168 κάκη.
331 2075 396 2145 εἶσί
416 2077 473 2144 καί
495 2069 596 2144 άλλοι
617 2073 761 2166 πλησίον
772 2081 1018 2165 Μασσαγετῶν,
1042 2071 1088 2158 ὥς
1101 2075 1261 2166 Στράβων
1277 2077 1368 2148 ἐνόε-

82 2285 90 2304 ι
212 2193 308 2286 κάτῃ.
329 2199 430 2278 διχῶς
452 2195 490 2264 δὲ
512 2194 654 2276 λεκτέον,
676 2196 734 2264 καί
750 2192 938 2284 Ἀραχώτης
959 2196 1016 2263 καί
1032 2191 1230 2284 Ἀραχωτός.

61 2337 78 2386 ἡ
190 2381 191 2384 ,
290 2310 477 2401 Ἀρβάκη,
500 2309 603 2394 πόλις
624 2314 659 2383 ἐν
681 2313 901 2405 Κελτιβηρίηι,
931 2309 978 2394 ὥς
995 2311 1116 2399 Ἰόβας.
1159 2316 1199 2386 τὸ
1229 2313 1367 2386 ίθνικόν

104 2427 112 2446 ’
206 2429 418 2525 Ἀρβοκαῖος.

1 2651 15 2664 .
292 2549 522 2643 Ἀρβάνιον,
546 2549 648 2633 πόλις
670 2552 756 2640 πρός
776 2556 824 2640 τῷ
845 2549 977 2640 Πόντῳ.
1020 2553 1060 2620 τό
1084 2553 1221 2623 ἒθνικόν
1243 2551 1366 2644 Ἀρβά-

49 2663 69 2752 “’“,
172 2699 292 2756 νονιος,
316 2674 373 2742 καί
392 2672 431 2742 τό
455 2672 604 2762 θηλυκόν
626 2671 661 2740 ἐν
682 2676 782 2760 κοινηῖ
805 2672 893 2760 μένει
917 2667 1117 2764 ε(Ἀρβάνιος
1137 2668 1258 2762 άκτῆ”.
1411 2695 1412 2700 ’

289 2788 560 2880 Ἀρβσξανοί,
596 2789 699 2874 ἔθνος
731 2787 939 2880 Λιγυστικόν
977 2791 1199 2884 απαρέπλεον
1234 2793 1273 2860 δὲ
1307 2792 1366 2879 τῆν

207 3029 409 3044 ἡ

209 3181 466 3266 2.Ἀραφηνῆσιν]
475 3185 629 3258 Tanquam
641 3175 865 3261 αλνἈραφηναί,
874 3183 929 3240 nisi
938 3185 1064 3242 νοήσειε
1071 3177 1365 3262 ρτεεωειἈραφῆνι.

209 3286 237 3340 6.
257 3275 406 3355 τέταρτον
424 3279 462 3336 V.
541 3271 601 3334 ιῖπὸ
622 3274 678 3332 τοῦ
697 3269 803 3342 τέλους
823 3273 866 3333 Π.
950 3279 978 3333 7.
1001 3270 1053 3333 διὰ
1072 3283 1096 3332 ιῖ
1113 3276 1150 3334 R.
1234 3281 1263 3334 8.
1278 3270 1367 3350 Ἅμα·

207 3374 314 3432 κλαῖον
326 3373 391 3440 BH,
404 3365 611 3448 Ἀμυσχναῖον
623 3368 698 3426 libri.
717 3367 756 3424 ad
768 3387 908 3425 canonem
921 3368 1000 3424 illum
1022 3367 1061 3424 cs.
1075 3368 1180 3426 Arcad.
1194 3389 1224 3446 p.
1237 3373 1302 3437 120,
1313 3373 1365 3428 27:

206 3462 247 3524 τὰ
267 3461 319 3523 διὰ
339 3464 396 3522 τοῦ
415 3465 485 3522 Μ
499 3461 648 3540 μονογενῆ
667 3455 744 3535 ὑπὲρ
764 3465 845 3537 τρεῖς
864 3454 1024 3534 συλλαβάς
1042 3453 1308 3537 προπαροξύνεται
1328 3495 1366 3507 -

204 3555 302 3633 χωρίς
319 3556 377 3614 τοῦ
392 3555 642 3633 χαλκουστροῖον
662 3547 777 3630 ἰατρός,
797 3550 848 3610 καί
869 3558 1056 3632 στιφαναΐον
1074 3549 1126 3610 καί
1140 3547 1301 3628 ῆλικταῖον
1314 3550 1366 3613 καί

207 3654 390 3726 καστραῖον,
419 3651 466 3707 ubi
492 3651 674 3708 scribendum
694 3647 920 3724 Χαλαστριιῖον
943 3642 1062 3724 νίτρον,
1088 3644 1139 3704 καί
1160 3644 1364 3725 Στεφαναῖον,

206 3740 259 3800 καλ
275 3736 485 3800 Ἠλακαταῖον
504 3738 555 3800 καί
575 3739 806 3819 Καναστραῖον.
890 3745 937 3798 10.
959 3732 1088 3798 ἄπωθεν
1106 3741 1170 3808 RV,
1191 3732 1312 3798 ἄποθεν
1331 3742 1365 3800 Α.

207 3841 253 3895 11.
274 3828 431 3913 ἑνδεκάτη]
452 3857 482 3914 p.
503 3841 570 3896 516.
662 3828 791 3911 ὑπάρχει
810 3853 865 3913 pro
884 3826 945 3891 ὑπὸ
966 3834 1003 3890 V.
1102 3837 1148 3891 12.
1169 3825 1293 3911 Κωφῆν
1312 3854 1366 3913 pro

204 3927 361 4006 Κωφῆνος
380 3926 424 3986 Π.
521 3935 568 3988 13.
583 3920 761 4006 Ἀραχώτου
781 3926 925 4002 ποταμοῦ
945 3927 1008 3996 RV,
1028 3924 1171 3999 ποταμοῦ
1185 3918 1366 3999 Ἀραχωτοῦ

206 4027 238 4079 Α.
348 4025 453 4081 14.15.
474 4015 634 4100 ἑνδεκάτῃ]
660 4043 690 4100 p.
712 4026 778 4080 513.
896 4026 942 4080 17.
964 4031 1030 4079 ante
1044 4011 1182 4094 Ἀρβάκη
1203 4017 1271 4077 HR
1294 4018 1364 4076 add.

204 4113 327 4191 βιβλίον
347 4109 384 4183 ς’.
478 4121 525 4175 18.
539 4108 705 4190 Ἀρβάκιος
725 4115 798 4180 libri,
819 4123 1006 4172 correxerunt
1027 4111 1089 4169 ΗΒ.
1188 4116 1236 4170 21.
1251 4105 1362 4186 Ἄρβα-

205 4205 292 4281 ζανοί
303 4211 340 4266 Η.
419 4202 602 4286 παρέπλεον]
624 4209 809 4286 Theopompi
830 4210 915 4266 verba
936 4206 1013 4285 apud
1035 4213 1163 4264 nostrum
1184 4205 1214 4262 in
1231 4196 1362 4280 Ἰφίτου·

204 4319 262 4377 μοι,
284 4302 361 4360 unde
381 4311 449 4378 post
468 4297 609 4372 ἐνέμοντο
630 4301 731 4360 addidi
751 4294 909 4378 πρότερον.
