2880 5092
605 291 680 370 539
756 341 757 344 =

65 479 106 548 τὰ
133 475 258 548 Πόθια
288 475 503 548 ἐπιτελεῖται.
546 473 687 560 Πύθιος
716 470 775 548 οίνν
804 473 844 547 τό
874 475 1023 550 ελθνικόν.
1067 469 1139 546 ἔστι
1168 475 1250 546 καίΙ

65 595 230 667 Πόθιον
260 597 404 687 πλησίον
430 602 490 666 τοῦ
516 594 718 687 Ἀστακηνυῦ
749 595 890 668 κόλπου.
935 595 971 670 οίΙ
995 601 1226 677 κατοικοῦντες
1328 615 1330 620 ·

65 713 244 787 Πυθκανοί
264 719 443 786 καλοῦνται
463 718 520 785 καί
542 717 710 786 Πυθιανόι
729 714 886 807 ποτήρια.

69 865 75 872 ·’
149 833 418 917 Πυθόπολις,
452 835 585 924 Καρίας
613 835 729 918 πόλις,
761 831 781 926 ἡ
811 837 896 921 μετὰ
925 839 1032 906 ταῦτα
1062 838 1226 924 κληθεῖσα

66 961 194 1025 Νῦσα.
237 952 445 1036 Πυθόπολις
467 951 538 1025 ἀπὸ
559 961 687 1026 Πυθαεῖ
708 951 1053 1044 περισπωμένως-ὡς
1074 951 1145 1025 όπό
1166 959 1252 1046 κῆςῡ

61 1070 186 1164 Ἑρμοῦ
210 1079 338 1164 γενικῆς
357 1071 574 1165 Ἕρμόπολις.
616 1071 636 1144 ό
656 1075 699 1145 δὲ
718 1075 844 1165 Πυθῆς
865 1079 1026 1144 τοσοῦτον
1045 1072 1225 1145 ,πλουσιώ-

66 1219 168 1275 τατος
188 1189 243 1285 ἦν,
271 1191 358 1263 ὥστε
383 1193 443 1262 τόν
464 1191 596 1294 ΞόρξηνΙ
615 1189 868 1280 ὑποδεξάμενος
888 1190 1017 1285 ἑκάστῳ
1038 1199 1105 1264 τῶν
1125 1220 1225 1286 στρα-

66 1320 196 1383 τιωτῶν
210 1311 275 1384 ἀνὰ
292 1311 331 1396 ἓξ
351 1313 528 1401 όαριικοός
546 1317 686 1404 χρυσοῦς
703 1315 879 1404 παρέσχεν.
912 1309 931 1382 ὁ
949 1309 1090 1402 πολίτης
1103 1321 1224 1384 Πυθο·

67 1431 208 1523 πολίτης
221 1429 531 1523 ὡςἘρμοπολίκης.
559 1431 631 1502 ἐστι
648 1435 705 1502 καί
718 1427 803 1522 ίίλλη
814 1427 1064 1516 Πυθόπολις
1075 1432 1226 1514 Μυσίας.
1339 1473 1345 1484 ·

151 1549 339 1642 Πυθιό,ῆ
361 1557 422 1620 τοῦ
437 1549 655 1634 Ἀπόλλωνος
676 1551 789 1636 πόλις.
835 1560 979 1648 «Πυθοῖ
998 1551 1034 1624 ἐν
1054 1548 1226 1644 ῆγαθέη”.
1241 1577 1267 1618 ιυ

68 1671 107 1740 τό
131 1672 268 1742 ἐθνικὸν
288 1676 451 1761 Πυθηῖος,
475 1668 521 1752 ὡς
542 1668 649 1760 Λητώ
670 1677 825 1762 Λητῷος,
848 1673 905 1741 καί
921 1669 1061 1752 Πόθιος
1081 1674 1140 1740 καί
1153 1681 1228 1741 Πυ-

68 1789 135 1861 θία
155 1791 213 1862 καί
233 1788 375 1873 Πυθιός
397 1785 443 1873 εός
461 1788 672 1874 Ἔλικιυνιός,
693 1793 751 1859 καί
772 1788 926 1873 Πύθιον,
954 1794 1011 1861 καί
1032 1791 1228 1875 πυθαῖζειν,

69 1909 140 1982 dna
162 1916 223 1980 τοῦ
244 1919 404 1993 Πυθαῖος
427 1909 614 1992 διαλύσεως
635 1911 824 2000 γενομένης,
847 1913 904 1980 καί
924 1908 1129 2000 πυθαίστῆς.
1171 1913 1229 1979 καί

68 2031 109 2102 τό
133 2031 276 2102 τοπιιιόν
294 2037 473 2101 Πυθῶθεν
501 2035 560 2102 διὰ
581 2034 642 2100 τοῦ
662 2038 692 2102 ὦ
713 2023 760 2111 ὥς
781 2035 957 2119 Κριῶθεν,
985 2031 1042 2100 καὶ
1062 2031 1147 2116 μετὰ
1169 2054 1228 2099 συ-

69 2153 190 2242 στολῆς
209 2148 381 2222 Πυθόθεν
404 2147 450 2234 ιίνς
466 2150 664 2239 Λεσβόθεν.
696 2152 754 2220 καί
774 2156 896 2220 Πυθοῖ
914 2150 954 2219 τό
967 2150 1011 2220 θέν
1031 2148 1139 2240 τόπῳ.
1171 2149 1229 2219 καί
1241 2169 1267 2210 1⁵

70 2273 164 2360 παρὰ
190 2272 252 2362 τῆν
280 2268 394 2340 Πυθιό
423 2269 565 2353 Πυθεός
596 2267 642 2353 ιίνς
669 2267 772 2340 Ἐνυώ
797 2267 944 2353 Ἐνυεός,
966 2273 1033 2339 καί
1066 2266 1138 2340 ἀπὸ
1168 2275 1229 2362 τῆς

69 2395 215 2482 Πυθῆος
235 2396 366 2481 γενικῆς
388 2389 521 2482 λωνικῆς
542 2389 696 2474 Πύθιος,
717 2391 755 2472 ἐξ
775 2382 815 2481 ῆς
834 2390 874 2459 τό
896 2387 1059 2480 Πυθῆιος
1079 2391 1230 2480 κσητιιιόν

70 2513 128 2581 καί
148 2509 330 2592 Πυθαιεός
350 2511 408 2579 καί
427 2509 592 2592 Πυθαεός
613 2507 660 2592 ὦς
681 2507 866 2600 Κρηιαεός.
960 2529 972 2560 -’

155 2627 307 2716 Πύλαι,
328 2629 435 2714 τόπος
449 2629 640 2717 Ἀρκαδίας.
672 2630 728 2699 καί
741 2629 914 2698 Πυλαία.
948 2630 988 2698 τό
1004 2626 1143 2700 ἔθιικόν
1155 2636 1230 2700 Πυ-

71 2750 212 2840 λαιίτης.
257 2753 389 2841 λέγεται
416 2752 474 2818 καί
493 2746 634 2818 Πόλαια
661 2748 701 2817 τό
727 2743 904 2838 οόόότερον
931 2745 992 2816 ἐπὶ
1011 2752 1072 2837 τῆς
1092 2746 1228 2832 θυσίας.
1242 2777 1270 2816 αυ

70 2951 274 2964 -ι-

72 3074 101 3128 1.
121 3064 265 3128 ίτελεῖται
284 3069 321 3128 V.
405 3061 470 3128 ἐστι
491 3068 561 3128 add.
579 3068 661 3147 PpR.
758 3071 788 3126 2.
802 3061 1012 3128 ἈστακσῦΒ
1031 3068 1117 3128 huius
1135 3067 1232 3143 Pythii

72 3163 209 3224 memoria
230 3162 321 3222 latere
343 3161 455 3220 videtur
474 3162 553 3241 apud
573 3163 689 3220 Αιῖεεοε.
703 3159 769 3218 Μῖυ.
783 3179 863 3218 ausc.
874 3161 937 3220 74..
957 3155 990 3218 ἐν
1004 3154 1174 3244 Ἡρακλείῳ
1192 3162 1233 3241 τῇ

72 3251 105 3316 ἑν
122 3275 167 3334 rm
153 3248 302 3335 ’Πόντῳ
322 3250 374 3316 καί
394 3251 426 3314 ἓν
446 3249 555 3335 Ῥηγίῳ
574 3249 720 3332 γίνεσθαί
741 3271 849 3332 φασιν
863 3243 1014 3329 όρυκτοός
1034 3249 1157 3328 λχθόας.
1178 3274 1231 3333 pro

69 3313 192 3427 Ῥηγίῳ,
219 3347 297 3424 quod
323 3348 392 3408 ferri
416 3367 473 3406 non
500 3359 610 3428 potest,
636 3348 701 3406 cod.
722 3349 809 3406 Vind.
825 3342 952 3428 Ῥυθίῳ.
973 3347 1125 3424 legendum
1147 3348 1234 3424 igitur

75 3437 203 3522 Πυθίην.
321 3443 349 3501 5.
370 3433 485 3500 Νόσυσ
505 3443 579 3502 libri.
696 3446 724 3502 7
745 3433 824 3502 ὥστε
845 3440 1071 3502 Thesaurusl..
1089 3442 1127 3500 G.
1148 3440 1231 3500 Pari-

74 3536 169 3604 sinus,
194 3525 241 3594 ὅτι
262 3536 336 3594 libri.
459 3541 488 3596 9.
509 3529 551 3610 ὥς
565 3531 788 3612 Ἔρμσπσλίτης
813 3533 883 3592 add.
900 3536 936 3593 R.
1053 3541 1100 3594 10.
1120 3531 1236 3594 Πυθοῖ

74 3624 108 3687 ἓν
126 3621 262 3706 ἠγαθέη]
283 3629 366 3688 Hom.
388 3628 447 3688 od.
468 3634 496 3698 8,
517 3635 564 3690 80.
591 3629 758 3708 Stephanus
783 3637 872 3686 totum
899 3629 993 3687 Ιοεειια
1012 3637 1165 3707 pauent:
1190 3619 1233 3697 ιίίς

73 3713 134 3797 γάρ
158 3715 189 3778 σί
210 3716 323 3796 χρείων
345 3718 516 3798 μυθήσατο
539 3722 656 3798 Φοῖβος
674 3715 834 3780 Ἀπόλλων
851 3718 967 3780 Πυθοῖ
986 3719 1019 3781 ἐν
1043 3715 1175 3800 ῆγαθίη.

74 3819 121 3876 11.
141 3808 292 3890 Λητιόισς
311 3815 364 3893 Pp.
443 3812 494 3872 καί
513 3807 641 3884 Πόθιος
660 3834 716 3872 σοι.
737 3816 774 3873 R.
865 3819 912 3874 12.
933 3811 1097 3886 πυθαῖζειν
1116 3814 1233 3872 Salma-

74 3909 144 3975 ιῖαε,
164 3898 327 3979 πυθιιίζειν
346 3908 419 3967 libri.
499 3912 546 3966 13.
560 3907 678 3976 πυθέος
698 3909 734 3966 R.
812 3911 859 3969 14.
870 3901 907 3966 τό
926 3925 984 3965 om.
995 3907 1032 3966 R.
1110 3910 1157 3966 15.
1168 3904 1233 3965 Πυ·

74 3995 190 4074 θόθεν]
222 4001 298 4058 Huic
329 4003 502 4062 simillimum
531 4009 578 4060 est
605 3993 719 4076 ἦόθεν,
751 4002 828 4078 quod
854 4001 996 4075 Dionysio
1025 3999 1233 4059 restituendum

75 4092 188 4150 conieci
208 4113 237 4172 p.
252 4098 319 4163 195,
338 4100 366 4154 5.
446 4098 494 4155 16.
515 4086 615 4152 πειθώ
635 4087 761 4162 πειθεός
780 4094 817 4152 R.
896 4097 1003 4152 16.17.
1023 4093 1080 4168 τῆς
1098 4090 1234 4161 Πυθοῦς

73 4186 192 4264 γενικῆς
216 4182 322 4262 ίευνικὴ
348 4185 484 4263 Πυθῆσς
508 4187 569 4264 Pp,
592 4186 649 4246 τοῦ
675 4183 811 4255 Πυθοῦς
834 4185 953 4263 γενικῆς
978 4181 1082 4261 ίευνικῆ
1108 4179 1235 4254 Πόθεσς

76 4279 117 4346 V,
145 4279 203 4336 τοῦ
230 4276 337 4340 Πυθὼ
366 4282 484 4358 γενικῆς
510 4276 637 4348 Πύθιος
663 4281 705 4348 R,
734 4281 790 4356 τῆς
813 4276 941 4348 Πυθίας
970 4279 1088 4355 γενικῆς
1112 4277 1236 4356 ίωκικῆς

74 4369 203 4441 Πυθίας
222 4374 268 4431 Pf.
287 4374 427 4434 sortasse:
454 4368 590 4434 ἀπὸτοῦ
611 4365 743 4440 Πυθεός
761 4369 861 4450 γενικὴ
884 4368 990 4450 ίιυνικὴ
1011 4371 1157 4448 Πυθῆος.

78 4471 124 4526 19.
135 4471 183 4524 20.
205 4463 368 4540 Πυλαίῐης
387 4467 423 4524 R.
