2888 5070
743 233 845 330 -ωε

227 417 307 498 τούς
321 420 381 486 τοῦ
399 410 615 496 ’Λπόλλωνος
710 407 854 483 άπιστον
872 409 890 483 ό
907 413 994 495 Ζεύς
1009 412 1147 504 ἐποίησε
1168 413 1229 504 τήν
1245 415 1305 482 διά
1322 417 1390 482 τῶν

230 541 339 624 θριῶν
354 534 515 624 μαντικὴν
530 531 784 619 εὐδοκιμοῦσαν.
814 533 871 603 διό
890 535 945 601 καί
962 529 1139 601 Ἀπόλλων
1155 532 1220 624 ἔφη
1240 534 1392 628 απολλοὶ

230 651 424 745 θριοβόλοι,
447 659 575 743 παῦροι
597 655 635 724 δέ
656 680 692 722 τε
713 650 849 738 μάντιες
871 646 1025 741 άνόρες”.
1061 649 1131 722 ἔστι
1155 654 1266 724 δὲκαὶ
1283 655 1391 743 δῆμος

230 772 368 864 Θρίων
395 768 465 842 άπὸ
487 771 661 863 Θρίαντος.
769 777 771 780 ’

204 924 217 963 υ
318 891 486 982 Θρίγκη,
514 890 617 973 πόλις
643 892 722 980 περί
741 893 802 972 τάς
824 887 957 981 στήλας.
997 887 1173 972 Ἑκαταῖος
1195 887 1305 981 Ἀσίᾳ.
1349 891 1390 959 τό

229 1015 368 1084 ἐθνικόν
389 1019 571 1103 Θριγκαῖος
592 1007 639 1093 ὡς
664 1017 852 1101 Τρικκαῖος.

316 1137 481 1221 Θριοῦς,
510 1128 612 1211 πόλις
633 1126 745 1199 πάλαι
765 1134 824 1220 τῆς
846 1127 998 1212 Ἀχαΐας,
1021 1133 1078 1197 νῦν
1101 1129 1219 1218 όίτῆς
1238 1125 1386 1210 Ἠλείας,

230 1254 355 1343 ὅμορος
369 1248 533 1338 Πάτραις,
549 1246 621 1320 άπὸ
636 1253 822 1339 Θριοῦντος
838 1246 1034 1337 Ἀθηναίου,
1054 1239 1093 1317 όν
1107 1247 1239 1337 Θησείις
1253 1246 1388 1343 ἔπεμψε

229 1373 314 1459 μετά
336 1373 494 1458 στρατιάς
516 1366 743 1458 συμμαχήσειν
760 1365 931 1459 Ἡρακλεῖ.
968 1367 1007 1436 τό
1029 1366 1167 1436 ἐθνικόν
1187 1365 1389 1458 Θριοόντιος

192 1511 219 1552 ¹⁰
231 1493 289 1561 καλ
309 1487 486 1577 Θριάσιος.
1215 1543 1216 1546 .

317 1605 510 1698 Θρόνιον,
533 1603 635 1688 πόλις
649 1613 805 1697 Λοκρῶν.
832 1605 978 1694 ’Όμηρος
999 1601 1166 1699 αΤάρφην
1187 1632 1224 1674 τε
1242 1603 1388 1694 Θρόνιόν

227 1756 266 1798 τε
280 1727 449 1818 Βοαγρίου
469 1724 560 1817 ἀμφὶ
580 1723 744 1815 ῥέεθρα”.
779 1726 818 1793 τό
839 1725 978 1794 ἐθνικόν
993 1722 1138 1815 Θρόνιος
1152 1728 1210 1795 καί
1224 1726 1388 1816 Θρονίτης

229 1850 287 1918 καί
308 1844 481 1938 Θρονιεός.
523 1846 562 1914 τό
591 1847 630 1916 δὲ
652 1845 814 1937 Θρονίτης
835 1841 907 1915 άπὸ
928 1849 990 1914 τοῦ
1012 1842 1214 1935 Θρονιιότης.

315 1963 520 2056 Θρόανδα,
543 1964 645 2047 πόλις
666 1963 810 2045 Λυκίας.
850 1960 868 2033 ὁ
891 1963 1032 2056 πολίτης
1054 1963 1257 2051 Θρυανδεός.

191 2104 217 2143 ¹⁵
316 2082 464 2176 Θρύον,
495 2084 595 2166 πόλις
622 2088 682 2174 τῆς
704 2081 915 2172 Μεσσηνίας,
944 2081 980 2153 ἐκ
1006 2089 1073 2152 τῶν
1095 2086 1129 2154 ἐν
1151 2081 1237 2176 αὐτῇ
1258 2087 1387 2177 φυομέ-

230 2229 296 2272 νων
326 2200 442 2293 θρόων
470 2201 654 2290 ὁμωνύμως
682 2209 730 2294 τῷ
758 2208 852 2294 φυτῷ
879 2205 1049 2293 λεγομένη.
1095 2206 1227 2293 λέγεται
1255 2206 1294 2274 δὲ
1315 2201 1386 2273 άπὸ

228 2327 289 2393 τοῦ
311 2329 419 2415 φυτοῦ
441 2320 618 2414 Θρυόεις
639 2324 696 2393 καί
718 2320 943 2416 Θρυόεσσμ.
979 2319 1135 2393 κάτοιδ’
1153 2320 1172 2413 ἡ
1191 2319 1387 2415 πόλιςπερί

228 2445 287 2513 τόν
311 2439 483 2536 Ἀλφειόν.
528 2438 546 2512 ό
570 2441 711 2531 πολίτης
731 2443 932 2533 Θρυοέντιος
958 2444 1015 2511 καί
1037 2445 1256 2535 Θρυοόντιος,
1286 2445 1323 2513 ἐκ
1350 2447 1388 2514 δὲ

228 2567 288 2653 τῆς
309 2563 501 2653 Θρυοίσσης
523 2565 754 2650 Θρυουσσαῖος
776 2557 824 2641 ὡς
843 2568 1099 2644 Σκοτουσσαῖος.
1121 2565 1179 2634 καί
1197 2561 1388 2655 Θρυοόσιος

191 2705 219 2746 νυ
232 2679 279 2765 ὥς
300 2680 517 2762 Πιτυοόσιος,
540 2681 597 2750 καί
618 2679 761 2770 Θρυίτης
782 2677 829 2762 ὡς
850 2681 1005 2772 λικνίιης.

317 2799 494 2886 Θόαμις,
523 2797 616 2888 κώμη
643 2795 713 2869 ὑπὸ
740 2798 970 2891 Σεμιράμιδος
998 2808 1177 2872 κτισθεῖσα
1206 2803 1301 2891 παρὰ
1328 2803 1388 2892 νην

225 2917 444 3009 Ἀραχωσίαν.
478 2920 517 2988 τό
540 2915 677 2987 ἐθνικόν
699 2917 881 3007 Θυαμίτης.

229 3191 257 3246 1.
278 3179 294 3246 ὁ
314 3181 395 3254 Ζεῦς
414 3206 471 3246 om.
492 3185 528 3244 R.
630 3190 658 3245 2.
678 3181 780 3261 θρίων
799 3187 863 3255 RV,
883 3184 1005 3263 θηρίων
1024 3189 1058 3246 Α.
1156 3183 1319 3263 εὐδόκιμον
1339 3178 1387 3249 οὗ·

228 3299 290 3340 σου
313 3281 350 3340 R.
378 3280 418 3338 cf.
438 3280 584 3338 Zenobius
604 3279 623 3336 l.
644 3279 664 3337 l.
782 3284 810 3337 3.
830 3272 974 3353 μάντινες
997 3281 1061 3339 RV.
1180 3277 1214 3340 δέ
1234 3302 1291 3342 om.
1312 3285 1348 3342 R

228 3379 257 3434 3.
268 3375 297 3432 4.
319 3371 418 3448 δῆμος
440 3368 558 3448 Θριίυν]
585 3374 639 3430 Hic
660 3393 716 3430 non
737 3373 867 3431 diversus
888 3392 906 3430 a
926 3374 1084 3451 superiore.
1110 3393 1164 3452 pro
1192 3370 1299 3451 Θρίων
1324 3378 1386 3435 for-

187 3511 188 3514 .
227 3465 306 3524 ta'sse
321 3460 408 3545 Θριοί
421 3466 468 3524 vel
480 3458 585 3543 Θριάς
598 3467 791 3534 scribendum,
812 3484 897 3541 quam
918 3466 1039 3523 formam
1061 3467 1150 3526 habes
1166 3469 1246 3546 apud
1257 3470 1387 3528 Gramm.

227 3558 320 3616 Bekk.
341 3579 371 3636 p.
394 3560 478 3617 1415.
507 3559 556 3615 ubi
580 3569 791 3637 componuntur
810 3553 867 3626 ἕως
886 3553 997 3626 ἕωθεν,
1024 3552 1088 3634 ἠώς
1106 3554 1225 3636 ἠῶθεν,
1247 3556 1389 3639 ίσχάρως

227 3643 410 3726 λσχάρωθεν
431 3648 485 3726 (λ),
508 3645 613 3727 Θρίως
634 3645 768 3728 (Θριιός)
792 3646 946 3729 Θριῶθεν.
1055 3657 1083 3712 5.
1107 3648 1224 3730 Θρίγκη
1245 3654 1388 3713 eademne

229 3760 304 3818 quae
327 3738 445 3820 Θίμγηλ
550 3737 657 3812 Ἀσιός
675 3746 711 3802 R.
830 3749 858 3801 6.
883 3744 1049 3821 Τριγκαΐος
1067 3765 1121 3823 pro
1144 3747 1311 3821 Τρικκαΐος
1330 3748 1368 3805 R.

228 3839 256 3894 9.
282 3829 362 3892 κατὰ
393 3832 542 3911 στρατιάς
567 3838 609 3905 V,
637 3833 718 3895 κατὰ
748 3833 898 3915 στρατιάς
928 3838 964 3895 R.
1082 3843 1129 3896 10.
1156 3833 1326 3916 Θριοόσιος
1350 3841 1387 3900 Β.

228 3932 274 3985 11.
291 3916 441 4002 Ὅμηρος]
462 3927 494 3986 υ.
516 3934 543 3996 2,
564 3934 631 3988 533.
719 3920 862 4008 Τάρηιόν
881 3948 913 3986 τε
934 3930 969 3988 R.
1068 3931 1115 3990 1⁴1.
1138 3923 1312 4006 Θριωοεύς
1331 3933 1368 3990 R.

227 4022 275 4079 15.
295 4014 460 4092 Μισηνιάς
480 4022 515 4078 R.
610 4026 716 4082 15.16.
736 4014 847 4099 θράων
867 4017 1031 4100 φυομένων
1049 4024 1084 4082 R.
1173 4025 1218 4082 17.
1240 4017 1328 4097 παρὰ
1349 4026 1387 4082 V.

228 4117 276 4172 19.
299 4107 513 4184 Θρυοεσσιιῖος
537 4124 604 4172 ante
625 4116 661 4174 B.
779 4112 1010 4183 Σκοτουσσαΐος
1029 4116 1069 4184 Β,
1095 4112 1307 4184 Σκοτουσαῖοι
1326 4117 1388 4185 AV,

227 4201 458 4271 Σκουιουσαΐος
475 4207 512 4263 R.
608 4202 799 4284 Θρυοέσσιος
819 4207 855 4274 V,
876 4202 1061 4281 Θρωίσσιος
1078 4208 1116 4277 R,
1138 4203 1313 4287 Θρυίσσιος
1333 4210 1369 4268 Α.

121 4305 128 4310 ’
225 4299 272 4352 20.
294 4287 485 4365 Πιτυοόσιος
504 4298 567 4364 RV,
589 4291 758 4367 Πιτοόσιος
777 4300 810 4355 Α.
890 4303 937 4356 22.
960 4292 1112 4376 Θομάτης
1131 4301 1168 4357 V.
