2888 5084
756 293 829 368 156

209 471 376 564 Ἐρυθρὰν
404 469 602 556 θάλασσαν,
633 471 654 542 ό
682 473 772 544 ἐστιν
800 465 892 552 οίκος
921 468 1030 562 ἡλίου.
1073 467 1092 540 ό
1122 470 1263 560 πολίτης
1286 478 1372 542 Βαι-

214 587 402 684 σαμψηνός.
849 609 850 612 ’

299 714 569 800 Βαιταρροῦς,
591 706 683 799 κώμη
698 706 824 799 μεγάλη
840 708 950 802 τρίτης
964 705 1208 799 Παλαιστίνης.
1242 707 1276 778 οἱ
1290 737 1371 780 κατ-

215 832 383 908 οικοῦντες
403 828 639 919 Βαιταρρηνοί.
682 827 755 900 ἔστι
777 829 833 898 καί
853 825 956 910 πόλις
976 827 1122 919 Κελτική
1144 826 1371 920 Βαίταρρα,

189 937 255 1037 ιῆς
276 943 295 1016 ό
317 945 458 1036 πολίτης
483 946 711 1038 Βαιταρρίτης.
754 950 814 1038 τῆς
844 947 883 1018 δὲ
905 947 1072 1040 προτέρας
1091 944 1371 1038 Βαεταρροόσιος.

214 1065 362 1135 κλίνεται
386 1071 667 1157 Βαιταρροῦντος.

298 1180 490 1266 Βαίτιον,
519 1179 622 1264 πόλις
650 1182 884 1267 Μακεδονίας,
920 1181 1128 1270 Θεόπομπος
1158 1183 1292 1276 εἰκοστῇ
1317 1211 1372 1255 τε-

213 1298 393 1392 τάρτη...
415 1299 556 1370 δύναται
577 1302 615 1372 όὲ
635 1303 721 1372 κατὰ
741 1303 802 1393 τήν
823 1304 936 1394 τέχνην
956 1301 1126 1385 Βαιτιεάς.

299 1425 462 1502 Βαῖτις,
484 1421 639 1504 ποταμὸς
661 1421 746 1491 κατὰ
763 1418 916 1513 Ἰβηρίαν,
939 1416 978 1504 ὃς
992 1425 1124 1514 Πέρκης
1146 1424 1280 1512 λέγεται
1301 1420 1371 1493 ὑπὸ

176 1569 203 1610 ια
213 1544 280 1608 τῶν
313 1537 487 1630 ίηχιυρίων.
536 1539 668 1629 λέγεται
703 1541 759 1608 καλ
789 1540 931 1630 Βαιτίκη
960 1538 980 1632 ἡ
1007 1537 1099 1629 χώρα
1129 1537 1200 1612 ἀπὸ
1230 1539 1373 1622 Βαίτιος

215 1664 358 1751 γενικῆς.

298 1783 515 1860 Βακκαῖοι,
538 1773 711 1859 Ἱσπανίας
733 1775 845 1860 ἔθνος.

297 1895 477 1987 Βάκτρα,
506 1892 620 1977 πόλις.
655 1894 815 1988 Στράβων
838 1895 886 1968 ιά.
922 1898 963 1968 τό
986 1897 1123 1968 ἕθνικόν
1144 1894 1293 1990 Βάκνροι
1314 1900 1372 1968 καὶ

214 2015 377 2108 Βάκτριοι
399 2015 456 2084 καὶ
471 2013 619 2105 Βακτρία
641 2015 681 2085 τό
703 2013 863 2105 θηλυκόν.
899 2014 971 2088 ἔστι
992 2019 1050 2086 καὶ
1070 2014 1172 2099 πόλις
1191 2015 1369 2108 Βάκτριον.

177 2138 254 2206 ιετὸ
276 2135 413 2205 ἐθνικὸν
434 2109 643 2224 Βακτριανός
664 2135 722 2202 καλ
742 2131 933 2224 Βακτριανὴ
955 2136 994 2204 τό
1017 2134 1176 2225 θηλυκόν.

218 2303 220 2312 ·
298 2249 477 2342 Βάκνροι
508 2253 565 2320 καί
586 2252 857 2344 Βακυριανοί,
888 2251 991 2336 ἔθνος
1016 2254 1103 2344 πρός
1124 2252 1287 2346 Πάρθοις
1314 2258 1372 2326 καὶ

214 2367 366 2460 Μήδοις.

299 2487 460 2575 Βάκχου
482 2493 602 2580 νῆσος
623 2491 680 2559 καὶ
695 2487 957 2578 Ἀντιβάκχου
979 2488 1076 2582 ἑτέρα
1091 2491 1126 2561 ἐν
1139 2497 1187 2582 τῷ
1201 2490 1370 2585 Ἀραβικῷ

214 2605 342 2700 κόλπῳ.
384 2610 424 2679 τό
445 2606 584 2680 ἐθνικὸν
605 2608 860 2702 Βακχονησίτης.

174 2759 203 2800 νο
300 2725 435 2813 Βάλα,
472 2727 574 2813 πόλις
607 2735 667 2821 τῆς
698 2728 902 2813 Γαλιλαίας,
935 2723 1117 2816 Ἰάσηποςί
1157 2729 1197 2799 τό
1232 2728 1370 2801 ἐθνικόν

214 2851 376 2946 Βαλαῖος.
934 2826 940 2838 ’
1208 2857 1210 2864 “

298 2968 527 3050 Βαλανίαι,
549 2965 652 3049 πόλις
678 2966 844 3058 Φοινίκης,
870 2963 889 3058 ἡ
915 2971 971 3037 νῦν
992 2965 1142 3050 Λευκάς.
1187 2964 1205 3037 ό
1229 2966 1370 3057 πολίτης

212 3082 444 3177 Βαλανεώτης.
488 3083 536 3167 εἷς
562 3079 604 3177 ἣν
630 3083 734 3156 πόλιν
759 3083 958 3178 Ἐπικράτης
988 3085 1153 3177 ἐγκώμιον
1180 3085 1328 3183 ἔγραψεν
1349 3086 1368 3158 ὃ

212 3203 444 3296 Βαλανεώιης.
1152 3205 1153 3209 “

211 3373 414 3388 m

212 3443 241 3501 4.
267 3437 413 3512 Βαίταρα
437 3437 478 3503 R,
507 3430 662 3513 καίταρρα
689 3435 727 3494 V.
761 3437 792 3494 in
821 3455 923 3509 numo,
954 3455 1039 3514 quem
1064 3435 1259 3516 spanhemius
1291 3437 1368 3508 vidit,

212 3534 317 3611 legitur
341 3521 667 3589 ΒΗΤΗΡΡΑΤΩΝ.
702 3529 740 3588 cs.
765 3529 875 3587 Eckhel
899 3527 968 3586 DN.
993 3529 1049 3588 vol.
1071 3534 1086 3588 1
1114 3549 1145 3607 p.
1166 3533 1213 3589 67.
1247 3549 1283 3590 ex
1310 3551 1367 3609 quo

213 3645 310 3685 verum
336 3624 414 3682 urbis
440 3639 544 3680 nomen
568 3615 720 3698 Βήτηρρα
744 3640 810 3681 esse
836 3622 1033 3698 cognoscitur3
1060 3641 1096 3680 ac
1114 3622 1225 3679 Plinius
1252 3641 1368 3701 quoque

212 3720 399 3778 Beterram
420 3715 499 3773 dicit.
577 3717 605 3772 8.
618 3714 742 3772 indicavi
754 3715 901 3786 lacunam
921 3713 1047 3774 fortasse
1067 3715 1175 3774 excidit
1193 3709 1229 3773 τὸ
1243 3711 1370 3776 ἐθνικόν

213 3804 269 3886 οὐχ
289 3799 425 3888 εόρομιν.
528 3801 608 3866 κατὰ
626 3801 734 3882 τέχνην
751 3808 788 3865 R.
887 3813 934 3868 10.
948 3803 1081 3883 Βαιτίκη
1100 3807 1137 3881 Β,
1157 3801 1289 3885 Βαιτική
1304 3809 1368 3866 AV.

213 3903 252 3962 cf.
273 3903 310 3961 ad
331 3898 461 3980 Βελγίκη
482 3908 511 3960 et
531 3899 621 3957 schol.
641 3899 675 3956 ΙΙ.
696 3900 840 3969 14,’709;
864 3896 905 3958 τὰ
931 3897 974 3969 είς
997 3901 1036 3975 ῐῆ
1061 3891 1300 3978 παραληγόμενα
1323 3900 1369 3981 τῷ

214 3993 227 4054 i
251 3988 483 4072 συνεσταλμένην
512 3982 731 4069 παροξύνεται,
763 3985 846 4068 ἱλίκη
875 3990 989 4070 μυρίκη
1019 3987 1152 4068 Βαιτίκη
1179 3982 1279 4070 χώρα.

213 4095 261 4149 12.
281 4086 434 4146 Βακκαῖοι
453 4086 522 4155 RV,
547 4083 706 4142 Βακκαῖον
724 4087 758 4143 λ.
895 4090 942 4144 13.
964 4077 996 4142 ιά
1017 4083 1061 4162 (p.
1081 4085 1152 4158 517)
1173 4083 1243 4142 add.
1262 4086 1329 4145 RV.

213 4186 260 4241 15.
280 4177 331 4238 καί
351 4175 544 4257 Βακτριανοί
560 4179 596 4236 Β.
678 4171 714 4234 τό
733 4173 872 4252 θηλυκὸν
891 4179 960 4236 add.
981 4177 1018 4235 V.
1103 4181 1150 4234 16.
1170 4170 1310 4257 Βάκυροι
1332 4179 1367 4248 Η,

212 4265 370 4351 Βάκουροι
391 4271 465 4328 libri.
486 4289 589 4328 nomen
610 4269 665 4327 hoc
685 4280 714 4329 et
733 4267 928 4350 Βακυριανοί
945 4291 961 4330 e
977 4263 1116 4350 Βάκτροι
1135 4278 1165 4329 et
1178 4266 1370 4349 Βακτριανοί

214 4376 348 4444 corrupta
369 4381 433 4422 esse
454 4370 531 4422 recte
552 4363 650 4419 statuit
669 4365 707 4420 Η.
794 4361 990 4441 Κακυριανοί
1007 4366 1043 4422 Β.
1141 4369 1188 4423 20.
1206 4356 1367 4439 Ἰώσηπος]

213 4461 277 4516 Ant.
300 4458 359 4516 lud.
381 4461 410 4526 6,
429 4459 457 4512 ti.
536 4459 584 4513 23.
595 4455 642 4513 24.
663 4451 704 4523 εἰς
723 4446 762 4530 ἢν
781 4489 818 4502 ·-
838 4447 1045 4530 Βαλανειότης
1065 4476 1120 4515 om.
1143 4453 1185 4514 Π.
